1721 2821
959 124 989 138 Q

762 212 1054 254 -.-18—

263 328 528 377 quaestionis
556 329 675 378 quod
702 330 880 375 attinet,
910 331 1041 378 prout
1060 328 1283 368 confessus
1300 331 1407 380 ,erat
1435 337 1551 376 reus,

265 419 348 448 nec
377 419 455 456 ne,
494 407 857 448 condemnabatur
876 402 945 459 ²⁷)
975 409 1050 458 aut
1082 406 1396 459 absolvebatur.

378 486 503 527 Haec
533 490 743 527 hactenus
774 488 829 526 de
848 488 1137 550 antiquissima
1165 498 1444 529 servorum
1473 500 1551 542 re·

327 619 542 659 ‚servorum
575 621 617 644 ae
649 613 825 645 tormenta
862 608 1044 645 minitatur
1085 612 1296 653 accusator,
1342 608 1383 645 in
1420 608 1553 660 quibus

356 674 570 714 quamquam
592 664 682 701 nihil
705 664 860 716 periculi
883 665 1129 716 suspicamur,
1151 660 1271 714 tamen
1295 663 1355 701 illa
1377 670 1554 702 tormenta

355 719 530 768 gubernat
553 719 677 765 dolor,
716 720 930 758 moderatur
963 727 1085 762 natura
1120 718 1295 771 cujusque
1329 726 1405 757 tum
1434 722 1554 765 animi,

351 781 427 811 tum
451 777 633 826 corporis,
657 777 786 826 regit
808 777 1069 827 quaesitor
1081 803 1146 814 ......
1154 779 1194 813 .“
1218 796 1264 802 —
1311 776 1554 825 Quaesito-

355 842 431 866 res
455 831 493 867 in
515 831 674 882 publicis
711 833 830 870 causis
861 833 888 871 ii
914 831 1139 877 dicebantur,
1175 833 1238 883 qui
1270 830 1415 881 judiciis
1451 844 1554 884 prae-

356 893 468 925 erant.
525 888 736 926 Derivanda
772 903 819 928 ex
854 904 899 928 eo
936 896 994 928 est
1029 901 1104 926 vox
1138 890 1398 939 quaesitor,
1444 888 1553 940 quod,

357 944 420 996 qui
443 951 648 992 accusatur,
671 960 810 985 nocens
846 949 895 985 sit
916 961 961 985 an
984 947 1176 990 innocens,
1211 958 1292 982 cum
1315 943 1466 983 consilio
1490 944 1554 983 ille

359 1003 549 1053 quaerit.
593 1002 866 1057 Antiquissimis
908 1011 1027 1041 autem
1049 1002 1294 1054 temporibus,
1328 1016 1448 1054 quum,
1486 1003 1553 1040 cri-

357 1060 454 1095 mine
477 1058 598 1109 aliquo
622 1061 835 1104 commisso,
872 1061 1099 1109 magistratus
1129 1058 1279 1109 aliquis,
1318 1059 1420 1096 velut
1441 1060 1553 1097 tribu-

355 1127 442 1158 nus,
475 1122 662 1165 quaestor,
697 1114 847 1161 aedilis,
881 1115 947 1153 vel·
966 1116 1004 1152 in
1028 1114 1126 1152 bello
1162 1116 1376 1166 imperator,
1412 1116 1553 1166 legatus

356 1169 454 1215 (Liv.
470 1173 525 1208 26.
550 1173 620 1216 12.)
658 1178 844 1209 aecusator
869 1171 1030 1216 exstitit,
1067 1169 1167 1208 nullo
1185 1183 1286 1222 opus
1313 1177 1389 1208 erat
1412 1172 1553 1222 quaesi-

356 1233 448 1265 tore.
496 1228 563 1265 Sin
586 1227 678 1265 alius
703 1230 785 1279 quis
809 1229 1010 1272 accusabat,
1036 1227 1099 1265 vel
1122 1240 1169 1263 ex
1181 1227 1293 1271 scta,
1315 1227 1377 1277 vel
1400 1241 1446 1264 ex
1469 1227 1552 1277 lege

357 1285 543 1335 quaesitor
565 1284 761 1329 creabatur,
785 1285 846 1335 qui
871 1285 1120 1335 quaestionem
1144 1282 1190 1320 de
1215 1284 1363 1321 crimine
1386 1283 1548 1331 haberet.

358 1340 491 1378 Postea
513 1347 651 1385 tamen,
683 1354 775 1377 anno
798 1342 867 1378 605
890 1355 920 1378 a.
944 1340 1007 1385 U„
1039 1346 1239 1391 perpetuae
1263 1341 1446 1377 institutae
1470 1347 1555 1377 sunt

357 1398 609 1447 quaestiones,
647 1397 779 1447 quibus
810 1396 1034 1433 exercendis·
1048 1409 1135 1434 suus
1158 1402 1359 1447 perpetuus
1382 1387 1417 1434 i.‘
1435 1409 1467 1433 e.
1491 1410 1550 1433 an-

358 1466 452 1489 nuus
477 1459 514 1489 et
548 1451 748 1489 ordinarius
782 1458 950 1503 praeerat
983 1452 1179 1503 quaesitor.
1225 1452 1470 1501 Quamobrem
1490 1466 1552 1491 ne-

358 1523 430 1560 que
455 1509 571 1552 scta,
603 1520 723 1558 neque
745 1506 829 1557 lege
853 1506 970 1559 aliqua
994 1521 1087 1558 opus
1119 1507 1273 1559 amplius
1297 1514 1390 1553 erat,
1419 1510 1491 1545 nisi
1513 1510 1552 1546 in

356 1566 421 1608 iis,
464 1564 596 1615 quibus
632 1565 722 1601 certi
761 1563 921 1601 nondum
958 1565 1141 1616 propositi
1178 1570 1278 1601 erant
1312 1566 1550 1615 quaesitores,

358 1623 487 1659 causis.
532 1621 653 1671 Atque
676 1621 866 1659 Ciceronis
890 1622 1037 1672 quidem
1060 1627 1226 1673 tempore
1251 1624 1331 1657 octo
1354 1621 1550 1661 invaluisse
1572 1616 1578 1626 ⁶

358 1678 529 1715 videntur
563 1680 790 1728 quaesitores
828 1676 888 1715 vel
923 1683 1127 1728 praetores,
1165 1676 1257 1722 (Cic.
1281 1675 1425 1716 cluent.
1450 1682 1550 1719 c.53.

356 1735 387 1780 §.
403 1736 495 1777 147.)
520 1733 604 1778 duo,
633 1735 694 1783 qui
718 1736 841 1770 inter
864 1734 1069 1770 sicarios
1092 1734 1150 1781 jus
1174 1732 1347 1777 dicerent,
1372 1747 1463 1771 unus
1488 1737 1550 1786 qui

361 1789 415 1826 de
447 1789 727 1840 repetundis
752 1796 959 1839 quaereret,
994 1788 1086 1826 alius
1110 1788 1165 1826 de
1187 1788 1426 1839 peculatu,
1458 1790 1549 1829 alius

357 1846 413 1882 de
449 1846 645 1889 ambitu,
682 1846 772 1881 alius
811 1844 867 1881 de
904 1844 1046 1889 salso,
1086 1844 1177 1881 alius
1203 1844 1256 1881 de
1288 1846 1548 1897 majestate,

355 1902 446 1940 alius
483 1901 537 1940 de
573 1903 627 1940 vi.
652 1922 697 1930 —
743 1902 827 1952 Quo
846 1907 964 1951 autem
989 1915 1069 1939 cum
1104 1901 1377 1953 quaesitore
1401 1905 1548 1943 minime

356 1960 631 1999 confundendus
668 1968 726 1999 est
760 1959 903 2010 judex
945 1961 1259 2011 quaestionis,
1301 1961 1363 2011 qui
1398 1961 1546 2012 quidem

354 2019 528 2069 princeps
551 2018 711 2066 judicum
735 2016 796 2053 vel
819 2017 962 2053 consilii
986 2023 1071 2053 erat.
1118 2015 1195 2053 Sed
1219 2029 1329 2067 quum
1348 2016 1442 2053 haud
1465 2030 1544 2054 raro

355 2080 507 2125 propter
541 2087 727 2112 causarum
757 2079 796 2111 et
818 2076 1069 2125 quaestionum
1105 2074 1246 2126 copiam
1282 2074 1364 2126 ipse
1399 2087 1544 2126 quoque

354 2131 467 2180 judex
490 2133 713 2182 quaestionis
748 2144 897 2168 munere
934 2131 1055 2168 forsan
1088 2132 1303 2180 quaesitoris
1339 2129 1546 2179 fungeretur

355 2193 393 2224 et
424 2186 525 2223 solus
559 2188 667 2235 igitur
710 2188 961 2236 quaestionum
995 2199 1147 2238 praeses
1180 2185 1362 2225 nonnullis
1392 2187 1430 2222 in
1452 2185 1544 2223 locis

354 2244 580 2289 nominetur,
614 2242 781 2289 fuerunt,
813 2245 876 2295 qui
898 2258 919 2281 a
944 2245 1149 2295 quaesitore
1185 2256 1269 2281 eum
1303 2244 1448 2280 omnino
1472 2256 1544 2280 non

352 2299 468 2338 fuisse
493 2300 717 2345 distinctum,
742 2300 1021 2346 contenderent,
1051 2299 1120 2337 sed
1142 2299 1252 2345 falso,
1289 2313 1398 2351 quum
1421 2297 1543 2336 multis

352 2357 390 2392 in
422 2358 539 2394 causis
570 2363 608 2394 et
636 2362 783 2408 praetor
806 2358 1010 2407 quaesitor,
1051 2362 1088 2394 et
1109 2355 1223 2405 judex
1246 2356 1468 2409 quaestionis
1490 2356 1543 2393 in-

350 2412 525 2451 terfuerit.
573 2413 631 2452 Cf.
661 2414 782 2463 Sigon.
806 2413 853 2452 de
876 2413 950 2463 jud.
973 2413 1017 2452 ΙΙ.
1040 2416 1072 2453 5.
1095 2433 1141 2442 -
1214 2412 1218 2416 ⁸

262 2481 328 2527 27)
353 2478 433 2518 val.
455 2480 501 2519 Μ.
524 2480 619 2519 vm.
642 2483 675 2518 4.
700 2484 770 2528 μ.
