1721 2821
746 208 917 249 ..72
978 230 1052 240 --

250 326 443 372 licuerit,
474 329 603 375 atque
633 310 828 376 inprimis
858 324 1098 375 quaestioni
1128 324 1255 365 locus
1283 337 1368 365 non
1398 326 1479 373 est,
1506 325 1545 363 si

250 405 423 455 quidem
444 407 605 445 crimen
636 407 775 456 ipsum
794 409 869 446 aut
897 405 1166 456 negligentia
1195 406 1239 444 in
1260 405 1544 446 custodiendo

250 486 421 525 domino
464 486 665 537 imputari
712 487 848 526 servis
894 499 979 526 non
1020 488 1223 537 poterat,
1283 489 1359 525 aut
1405 487 1542 536 ipsam
1604 487 1608 489 ’

251 566 544 613 quaestionem
574 572 753 616 propter
795 568 992 617 corporis
1021 566 1290 606 deliilitatem
1320 565 1440 605 salva
1468 577 1543 604 va·

250 645 448 688 lctudine
486 646 693 696 perlaturi
734 656 828 685 esse
870 648 986 685 servi
1021 658 1107 685 non
1137 645 1396 685 videbantur
1431 643 1546 696 1¹¹³).

253 722 327 763 Ad
362 727 654 773 quaestionem
687 726 821 775 ipsam
850 726 978 765 heres
1021 727 1113 765 erat
1141 725 1356 775 obligatus
1390 726 1437 764 et
1454 726 1544 766 ,ob-

252 802 562 857 strictus¹¹⁷).
632 803 723 846 Sed
767 807 810 845 h.
853 807 884 846 l.
930 806 1280 857 distinguendum
1319 809 1413 853 est,
1447 818 1547 845 num

197 892 200 894 ’
254 885 438 923 testatus
468 884 720 924 decesserat
754 886 971 933 dominus,
1010 899 1063 926 an
1092 887 1335 926 intestatus.
1395 884 1548 931 Quod-

254 966 292 1003 si
335 967 639 1005 testamentum
683 966 836 1014 adest,
884 969 1089 1006 testatore
1134 977 1214 1017 per
1253 967 1338 1005 vim
1376 969 1548 1014 necato,

254 1038 409 1084 heredi
439 1057 580 1095 neque
611 1046 778 1085 tabulas
820 1047 1013 1096 aperire,
1048 1057 1192 1095 neque
1223 1045 1345 1084 adire
1375 1046 1549 1089 heredi-

256 1126 407 1172 tatem,
436 1136 578 1173 neque
611 1127 814 1165 bonorum
844 1126 1156 1175 possessionem
1184 1124 1406 1175 postulare
1441 1124 1550 1165 licet

258 1206 368 1242 ante.
388 1205 677 1253 quaestionem
711 1205 766 1242 de
796 1206 933 1244 servis
970 1205 1182 1255 habitam,
1221 1204 1337 1253 qnod
1378 1203 1551 1254 quidem

256 1283 292 1322 si
325 1282 427 1323 dolo
457 1284 644 1333 negligit
674 1288 721 1336 et
750 1286 924 1333 migrat,
955 1284 1175 1324 hereditas
1205 1284 1299 1334 ejus
1328 1285 1436 1323 fisco
1470 1297 1550 1334 pu-

256 1363 460 1410 blicatur,
490 1364 670 1413 ipseque
700 1365 903 1403 mulctam
932 1366 1101 1404 solvere
1123 1366 1293 1414 cogitur
1319 1342 1552 1403 exEdicto

257 1441 481 1482 Praetoris
519 1445 791 1483 constitutam
817 1441 939 1495 ²¹⁸),
982 1445 1179 1493 quaestio
1216 1445 1310 1493 ipsa
1333 1449 1476 1484 autem
1506 1447 1553 1483 et

258 1522 495 1561 vindicatio
525 1523 674 1563 mortis
703 1523 879 1573 publice
902 1536 928 1562 a
956 1524 1209 1574 magistratu
1237 1523 1432 1562 habetur.
1460 1521 1553 1563 He-

260 1602 378 1641 redis
417 1603 713 1664 appellatione
747 1606 970 1654 proximus
1006 1604 1225 1653 legitimus
1259 1604 1387 1643 heres
1418 1603 1554 1642 conti·

261 1686 407 1734 netur,
441 1683 640 1733 quoniam
669 1684 721 1731 is,
752 1685 826 1734 qui
854 1685 898 1725 in
929 1685 1187 1724 testamento
1200 1686 1294 1742 erat
1322 1683 1556 1732 institutus,

262 1763 406 1817 adnue
445 1767 563 1804 esset
604 1765 863 1815 incognitus.
949 1764 1013 1805 Ut
1052 1768 1196 1805 autem
1240 1763 1475 1814 diligenter
1513 1766 1559 1803 et

263 1830 470 1884 accurate
504 1849 769 1893 exsequatur
804 1846 1094 1895 quaestionem
1112 1875 1124 1896 ‚
1166 1855 1307 1894 neque
1347 1854 1428 1884 suo
1468 1845 1557 1894 pri·

261 1928 364 1965 vato
394 1925 521 1963 heres
549 1925 712 1964 serviat
724 1925 994 1976 compendio,
1024 1925 1107 1976 ipsi
1125 1926 1172 1964 et
1200 1924 1395 1975 omnibus
1422 1922 1557 1964 omni·
1573 1904 1584 1914 Χ

262 2017 319 2045 no
363 2004 460 2044 aliis
503 2005 744 2046 tabularum
786 2006 955 2057 apertio
994 2006 1229 2045 interdicta
1271 2009 1361 2053 est3
1405 2004 1561 2054 quodsi

266 2125 348 2172 116)
370 2124 394 2163 l.
425 2126 458 2163 1.
483 2125 504 2173 §
534 2126 581 2164 28
602 2127 691 2175 —5
719 2127 784 2172 38;
814 2125 839 2164 l.
868 2127 902 2165 3.
931 2139 988 2178 pr.
1012 2127 1076 2175 §1
1107 2147 1152 2156 —
1174 2128 1197 2175 §
1221 2124 1332 2171 1131.
1357 2125 1490 2167 1419,
1512 2123 1561 2163 D.

379 2181 462 2221 eod.
485 2183 586 2223 Paul.
607 2183 632 2223 l.
656 2185 679 2224 l.
703 2186 724 2233 §
746 2187 780 2223 7.

268 2252 348 2297 117)
371 2250 396 2290 l.
419 2254 475 2288 21.
501 2251 549 2290 D.
573 2252 633 2291 De
655 2253 715 2292 his
741 2267 777 2305 q.
800 2259 840 2291 ut
862 2251 935 2291 ind.
968 2253 1043 2299 (34.
1065 2253 1118 2298 9.)
1142 2251 1313 2298 „Omnes
1337 2249 1434 2287 enim
1455 2247 1562 2287 here·

378 2307 445 2346 des
469 2308 531 2347 vel
554 2323 632 2357 eos,
656 2311 719 2362 qui
750 2310 834 2348 loco
858 2308 1007 2347 heredis
1032 2315 1134 2354 sunt,
1163 2307 1329 2347 officiose
1358 2319 1466 2358 agere
1496 2307 1563 2344 oir-

381 2379 421 2402 ca
445 2364 605 2404 defuncti
628 2367 824 2405 vindictam
848 2367 1051 2404 convenit.“
1086 2364 1092 2370 ’

269 2444 406 2488 118)1.'
429 2446 463 2483 3.
493 2446 514 2492 ς
545 2447 656 2492 18,-
688 2447 708 2494 §
738 2448 802 2490 32;
833 2444 858 2484 1.
880 2447 914 2483 5.
945 2445 966 2493 ς
998 2449 1028 2483 1.
1060 2445 1082 2492 §
1111 2445 1152 2487 23
1186 2441 1211 2482 1.
1234 2443 1334 2490 πᾶς
1363 2443 1396 2479 2.
1427 2441 1473 2479 n.
1503 2438 1563 2478 De

380 2501 482 2541 scto
507 2501 573 2541 sil.
619 2502 718 2543 Paul.
747 2502 772 2541 1.
795 2502 821 2541 1.
848 2503 869 2550 ς
894 2504 947 2540 10.
969 2500 996 2541 1.
1018 2503 1053 2542 3.
1075 2501 1100 2540 1.
1123 2502 1156 2539 6.
1179 2502 1211 2538 8.
1235 2502 1268 2538 9.
1294 2500 1336 2537 c,
1368 2496 1451 2536 eod.
