1721 2821
761 224 1040 271 ...34-

255 358 359 389 sane
393 346 637 398 quaestioni
682 347 828 387 locum
858 345 1089 386 Christiani
1132 346 1276 387 cultus
1304 349 1548 388 sectatores

258 430 436 476 dabant,
466 432 575 479 quos‘
602 427 776 477 quidem
804 427 999 467 nonnulli
1027 426 1309 477 imperatores
1336 429 1406 467 ira·
1429 428 1541 467 omni

256 513 302 550 et
330 509 476 550 studio
519 500 995 560 persequebanturst).
1055 506 1181 554 Quae
1223 509 1359 547 tristis
1398 502 1540 548 rerum

243 594 434 635 natura,
477 589 587 627 licet
632 601 657 626 a
703 588 952 627 melioribus
985 576 1129 637 usque
1168 583 1225 626 nd
1256 585 1540 627 Iustiniannm

253 670 586 721 imperatoribus
615 668 760 707 multis
788 662 1013 709 tei-minata
1042 663 1099 708 sit
1120 671 1166 707 et
1184 667 1406 707 moderata
1435 680 1538 707 con·

259 750 556 789 stitutioni'bus
603 752 733 798 atque
765 749 1023 798 prudentum
1064 742 1304 806 responsis,
1348 751 1395 787 et
1434 747 1538 786 illae

252 808 420 877 tamen,
453 832 500 891 et
528 829 637 867 baec
669 829 899 868 duritatem
919 828 1138 879 ‘quandam
1167 827 1392 874 redolent,
1440 828 1543 877 qnia'

252 922 337 950 non
368 909 495 948 modo
529 898 674 957 cives,
705 910 782 949 sed
813 911 856 949 in
886 910 1136 959 quibusdam
1170 909 1309 948 causis
1338 920 1394 948 ne
1424 919 1548 947 sum-¹r

250 1002 361 1029 mam
391 989 564 1040 quidem
593 1002 619 1028 a
649 990 870 1028 tormentis
902 990 1179 1039 excipiebant
1208 989 1473 1038 dignitatem.

338 1177 375 1214 in
403 1177 520 1227 stupri
543 1168 757 1228 quaestione
776 1166 862 1213 'fie'ri
890 1168 1041 1213 vetuere
1062 1168 1367 1221 clementissimae
1389 1172 1537 1225 leges“;

341 1234 426 1272 eod.
448 1233 546 1270 loco:
571 1230 744 1279 „omnes‚
775 1245 867 1284 quos
890 1232 980 1281 juris
1002 1232 1116 1283 prisci
1138 1231 1273 1280 iustitia
1296 1230 1537 1282 divorumque

340 1292 486 1329 arbitria
510 1290 782 1341 quaestionibus
806 1301 977 1331 exemere
993 1287 1212 1332 eruentibus,
1236 1289 1358 1332 statuit
1380 1294 1537 1326 tormen-

340 1349 389 1384 tis
411 1342 560 1396 'afiligi‘6
606 1345 663 1385 Cf.
686 1345 822 1382 XXIX.
835 1358 864 1381 e.
891 1348 921 1382 1.
967 1343 1126 1381 Lactant.
1171 1343 1230 1380 De
1253 1350 1369 1382 morte
1392 1357 1537 1396 pei-see.

343 1418 373 1443 c.
396 1405 453 1441 21.
501 1400 836 1449 „Maximianus
872 1401 959 1452 imp.
981 1401 1145 1452 torqueri
1178 1400 1287 1449 jussit
1321 1394 1394 1437 non
1428 1398 1536 1437 modo

324 1460 585 1503 'Decurioneffi
629 1457 697 1496 sed
719 1459 900 1509 primores
924 1459 1030 1496 etiam
1066 1457 1271 1501 civitatum,
1302 1458 1471 1507 egregios
1494 1470 1552 1495 ae.

336 1516 628 1570 persectissimos
653 1515 797 1562 viros“;
827 1514 876 1552 id.
905 1528 935 1552 c.
959 1515 1014 1552 23.
1039 1513 1130 1560 „filii
1158 1513 1333 1567 adversus
1362 1520 1534 1567 parentes

336 1572 678 1624 suspendebantur,
702 1570 908 1624 fidelissimi
933 1572 1069 1621 quique
1093 1571 1191 1608 servi
1215 1577 1338 1607 contra
1362 1569 1534 1607 dominos

333 1629 573 1672 vexabantur,
607 1640 742 1665 uxores
765 1625 941 1664 adversus
964 1627 1121 1665 maritos.
1167 1626 1209 1665 Si
1248 1628 1366 1664 omnia
1390 1625 1535 1663 defece·
1587 1646 1591 1648 -

337 1692 435 1729 rant,
457 1685 531 1735 ipsi
554 1683 601 1728 de
625 1696 667 1720 se
689 1683 971 1734 torquebantur,
1007 1689 1044 1720 et
1067 1696 1151 1720 cum
1172 1682 1276 1720 dolor
1297 1684 1451 1727 vicerat,
1474 1681 1534 1719 ad-

337 1741 605 1785 scribebantur,
630 1753 721 1790 quae
744 1753 816 1776 non
838 1739 1076 1778 habebantur.
1120 1738 1227 1777 Nulla
1257 1740 1407 1783 aetatis,
1437 1737 1533 1776 vale·

337 1797 475 1834 tudinis
500 1798 704 1839 excusati03
728 1797 826 1845 aegri
849 1802 887 1832 et
909 1795 1051 1832 debiles
1073 1794 1347 1842 deferebantur,
1371 1796 1533 1831 aestima-

332 1853 463 1892 bantur
485 1859 621 1891 aetates
645 1851 877 1902 singulorum,
895 1851 1062 1905 parvulis·
1075 1850 1335 1901 adjiciebantur
1357 1852 1451 1898 anni,
1474 1864 1532 1889 se-

334 1913 442 1950 nibus
466 1910 781 1949 detrahebantur.“

245 1981 306 2028 13)
331 1980 388 2019 Cf.
412 1981 578 2032 inprimis
603 1979 700 2030 Pagii
725 1979 802 2016 crit.
837 1976 882 2015 ad
904 1978 1032 2016 Baton.
1056 1990 1136 2015 ann.
1161 1977 1292 2015 eccles.
1327 1976 1372 2015 ad
1396 1992 1428 2016 a.
1450 1979 1531 2016 262.

333 2051 366 2075 e.
388 2040 453 2081 423
476 2036 522 2074 ad
545 2051 576 2075 a.
599 2038 679 2075 290.
704 2049 734 2074 c.
758 2036 781 2072 2
804 2054 849 2062 —
871 2036 935 2081 30,
971 2041 1010 2073 et
1050 2041 1120 2072 eet.
1145 2033 1305 2073 Lactant.
1328 2034 1375 2073 de
1411 2042 1529 2072 morte

334 2107 433 2145 pers·
458 2107 488 2132 e.
514 2096 568 2132 13.
604 2093 787 2139 „edictum
811 2091 1106 2137 maximianis
1138 2092 1210 2143 quo
1232 2092 1457 2137 ·cavebatur‚
1490 2098 1531 2128 ut

332 2150 529 2189 Christiani
552 2152 651 2189 omni
683 2151 823 2189 honore
858 2149 1096 2200 et'dignit¹·te
1127 2155 1306 2195 carerent,
1340 2149 1530 2194 tormentis

330 2209 487 2257 subjecti
511 2215 656 2253 essent,
680 2221 726 2247 ex
751 2219 969 2258 quocunque
983 2205 1112 2245 ordine
1131 2214 1171 2245 et
1191 2206 1302 2257 gradu
1326 2207 1528 2244 venirent.“

778 2415 978 2426 -u—-.——
