1721 2821
740 223 1062 277 -16-.

241 341 414 395 majoris
443 343 571 383 erant
596 333 829 390 momenti,
855 341 1098 392 siquidem
1130 344 1206 384 aut
1232 343 1419 394 domini,
1445 336 1523 385 'aut

240 423 351 464 alius
380 422 604 476 cujusdam
628 422 852 471 intererat,
881 403 1059 462 sceleris
1077 432 1343 471 cognoscere
1369 405 1536 466 aucto-³

238 515 354 552 rem,
384 505 458 554 qui
487 503 714 555 puniatur,
751 502 825 542 vel
854 502 1050 542 damnum
1078 504 1129 542 ut
1154 503 1445 554 restitutum·
1474 507 1520 546 in

237 568 478 624 levioribus
507 584 621 624 enim
651 582 835 622 delictis
869 594 1048 633 operae1
1071 584 1190 622 certe
1220 583 1405 634 pretium
1433 597 1520 627 non

237 665 361 712 erat,
389 674 509 702 reum
537 673 709 703 servum
737 641 965 712 torquendi
981 689 995 710 ,
1010 702 1011 705 ,
1025 673 1152 712 quum
1179 664 1405 703 verberum
1438 677 1519 714 po·

236 742 325 783 tius
352 753 495 794 poena
520 744 830 802 tormentorum
858 741 1113 793 fungeretur
1129 742 1247 785 vice.
1306 728 1518 789 Quaestio

234 822 330 873 ipsa
374 825 423 862 et
464 821 581 862 domi
617 826 664 862 et
692 822 869 873 publice
886 849 901 871 ,
952 835 992 863 e.
1022 834 1065 873 g.
1094 823 1140 864 in
1178 823 1290 864 atrio
1317 820 1526 874 Libertas

238 902 297 943 tis
317 901 394 951 ²²)
423 902 691 952 habebatur,
719 901 800 943 sed
828 902 982 954 quibus
1005 903 1051 944 in
1081 903 1220 944 causis
1248 902 1440 954 privata,
1469 903 1518 945 iu

235 983 392 1031 quibus
434 983 616 1033 publica
644 982 837 1021 adhibita
878 984 965 1022 sint
1000 987 1243 1040 tormenta,
1290 983 1515 1023 nescimus.

230 1060 489 1104 Verisimile
513 1064 655 1102 tamen
684 1063 780 1108 est,
819 1060 864 1100 in
891 1060 1087 1101 omnibus
1116 1059 1291 1101 delictis
1319 1062 1512 1112 privatis,

231 1142 373 1190 iisque
411 1151 523 1190 quae
553 1140 608 1180 ad
639 1141 853 1181 dominum
884 1140 1064 1192 ejusque
1093 1122 1295 1180 familiam
1320 1120 1512 1192 pertiness

230 1223 333 1263 bant
362 1219 636 1269 criminibus,
664 1220 942 1260 domesticam
959 1250 973 1272 ‚
1004 1220 1049 1259 in
1079 1220 1176 1260 aliis
1203 1224 1372 1273 autem,
1402 1232 1512 1271 quae

231 1303 468 1341 extraneos
496 1300 570 1339 vel
611 1301 750 1351 ipsum
772 1299 985 1351 populum
1014 1300 1266 1347 laedebant,
1295 1302 1512 1352 publicam

227 1382 415 1423 habitam
445 1392 542 1421 esse
571 1381 879 1431 quaestionem.
935 1379 988 1421 In
1015 1380 1188 1420 delictis
1217 1382 1387 1432 quidem
1416 1394 1508 1422 ser·

227 1474 377 1503 vorum
424 1461 629 1500 adversus
667 1461 846 1500 alterius
885 1471 1034 1500 servos
1073 1460 1309 1514 domestica
1339 1473 1511 1513 quoque

225 1542 510 1581 adhibebatur
538 1542 756 1591 quaestio,
792 1545 839 1581 et
864 1537 1047 1592 {quidem
1090 1541 1171 1589 ita,
1214 1545 1263 1581 ut
1289 1546 1366 1581 aut
1394 1544 1511 1581 servi

225 1622 420 1664 accusati
449 1622 645 1661 dominus
673 1622 786 1661 inter
813 1622 1003 1673 parietes
1039 1621 1176 1672 ipsum
1193 1642 1224 1672 ,·
1253 1622 1361 1661 laesi
1392 1623 1509 1662 servi

225 1702 398 1742 domino
422 1705 675 1740 accusatore
704 1701 936 1750 amicisque
966 1702 1264 1751 praesentibus
1282 1702 1382 1752 ²³),
1414 1705 1504 1741 tor-

225 1783 406 1832 queret,
455 1783 531 1820 aut
570 1761 642 1819 liic
679 1781 873 1820 dominus
913 1784 1154 1820 accusator·
1182 1792 1303 1820 reum
1346 1783 1400 1820 ab
1429 1780 1509 1819 ilro

225 1861 342 1902 domi
388 1860 675 1912 torquendum
721 1860 987 1912 postularet,
1034 1840 1232 1900 cautione
1267 1861 1410 1900 forsan
1440 1858 1507 1912 fde

224 1943 379 1981 damno
410 1941 513 1981 data
539 1941 810 1981 restituendo
826 1968 839 1988 ,
869 1940 1038 1997 qualem
1064 1942 1365 1991 imperatorum
1398 1944 1507 1980 tem-

219 2034 327 2074 pore
359 2022 666 2074 praescriptam
695 2021 949 2062 videbimus.
1039 2021 1139 2068 Qua
1184 2024 1325 2061 autem
1366 2022 1503 2064 inter-

220 2103 364 2152 posita
396 2102 595 2140 cautione
626 2102 801 2140 dubium
830 2106 919 2149 est,
949 2102 1266 2156 ntum‘dominns
1295 2102 1351 2141 ad
1380 2103 1505 2141 exhi-

220 2181 406 2221 bendum
437 2181 538 2231 cogi
568 2181 761 2232 potuerit
799 2191 968 2220 servum
1008 2192 1149 2227 reum,
1206 2180 1321 2230 quod
1358 2184 1507 2219 -tamen

220 2273 282 2300 ex
310 2261 444 2311 ipsius
473 2262 541 2300 rei
570 2264 721 2301 natura
749 2260 1094 2301 concludendum
1123 2261 1227 2301 mihi
1256 2271 1350 2300 esse
1381 2259 1504 2300 vide-

217 2392 278 2438 22)
301 2374 382 2429 Cie'.
405 2388 478 2428 Mil.
515 2403 545 2427 c.
561 2390 616 2426 22.
641 2391 670 2435 §.
689 2390 746 2427 59.
792 2387 895 2434 „Sed
917 2388 1149 2439 quaestiones
1172 2366 1503 2438 urgentfflilonem,

309 2460 403 2499 quae
434 2453 524 2484 sunt*
540 2446 684 2485 habitae
706 2459 801 2484 nunc
823 2447 860 2483 in
882 2447 972 2483 atrio
995 2443 1204 2484 Libertatis.
1212 2449 1235 2467 ‘⁶

195 2518 278 2567 '23’
301 2515 360 2555 Cf,
383 2513 462 2554 val.
485 2513 577 2553 max.
595 2513 694 2552 vlu.
715 2515 748 2552 4.
772 2517 805 2562 §-
821 2516 852 2552 1.
897 2513 976 2553 cie.
999 2512 1145 2553 Cluent.
1169 2514 1268 2551 c.63‚
