1721 2821
670 251 751 260 -—
814 229 868 270 75
926 248 980 262 2-

316 345 508 388 Si‘inter
530 348 676 400 plures
703 346 889 390 heredes
925 345 1001 385 alii
1028 345 1228 394 indignos
1254 356 1352 386 sese
1379 348 1481 387 red-

203 428 402 477 diderant
440 432 617 480 propter
662 428 909 478 neglectam
947 426 1096 466 mortis
1130 426 1482 479 vindicationem,

201 505 279 547 alii
306 513 413 547 vero
439 509 694 549 innocentes
722 510 867 555 eraut,
911 506 956 545 hi
990 506 1186 555 quidem·
1204 516 1302 545 suus
1337 510 1482 548 nanci-

201 571 432 629 scebantur
459 591 705 639 portiones,
737 587 910 628 illorum
942 597 1049 626 vero
1078 587 1223 637 partes
1249 587 1307 627 ad
1334 590 1483 630 fiscum

201 669 637 719 transgrediebantur.
650 696 652 698 -
662 668 681 693 ²
690 663 710 688 ²
717 666 766 713 ⁸)

307 746 581 799 Supplicium
610 739 835 788 noxiorum
863 757 1084 788 servorum
1120 757 1234 786 mors
1262 750 1378 795 erat,
1418 750 1482 788 in·
1528 785 1532 808 Ἀ

200 831 412 870 nocentes
457 831 603 869 autem
648 826 765 887 inter
797 828 1012 868 tormenta
1053 825 1241 878 reperti,
1286 828 1483 875 absolve-

200 912 366 950 bantur.
497 955 500 959 Ι

315 986 540 1028 Hactenus
569 987 624 1025 de
655 984 773 1027 SCto
802 986 1036 1027 Silaniano.

315 1066 407 1107 Jam
438 1078 548 1116 quae
580 1071 817 1116 sequuntur
844 1065 964 1107 SCta
992 1067 1036 1106 in
1067 1066 1310 1106 universum
1338 1068 1479 1118 publi-

205 1159 296 1186 cam
327 1159 383 1185 ex
414 1144 532 1186 Scto
561 1126 698 1186 Silan.
726 1147 962 1186 habendam
999 1148 1293 1195 quaestionem
1327 1159 1481 1188 sanxe-

202 1230 327 1274 runt,
362 1227 515 1269 finibus
544 1228 686 1264 autem
716 1230 943 1276 praeterea
972 1228 1167 1265 extensis
1197 1228 1325 1275 atque
1355 1231 1484 1268 rebus

201 1307 447 1357 accuratius
477 1305 666 1346 definitis
702 1309 750 1346 et
782 1305 1013 1358 dispositis.
1074 1304 1145 1347 Ac
1178 1307 1359 1358 primum
1387 1311 1482 1359 qui·

203 1387 301 1426 dem
331 1388 417 1426 huc
446 1387 660 1436 pertinet:

318 1465 480 1507 sctum
501 1464 600 1518 ²²⁹)
628 1463 715 1506 764
742 1477 781 1504 a.
808 1463 885 1516 U„
920 1463 985 1504 11.
1015 1477 1056 1516 p.
1076 1463 1176 1506 Chr.
1219 1466 1276 1508 Τ.
1307 1467 1482 1509 Statilio

204 1545 351 1588 Tauro
382 1550 428 1586 et
456 1546 518 1587 M.
549 1545 737 1587 Aemilio
755 1542 925 1596 Lepido
945 1543 1062 1585 Coss.
1094 1546 1277 1594 factum,
1308 1559 1367 1586 ex
1396 1548 1481 1599 quo

201 1628 482 1677 quinquennii
511 1627 588 1666 illa
616 1627 812 1666 instituta
842 1633 908 1665 est
946 1628 1253 1679 praescriptio,
1301 1629 1359 1667 de
1400 1642 1484 1679 qua

202 1718 330 1758 supra
354 1707 444 1759 jam
472 1707 669 1759 exposui.
725 1705 963 1746 Praeterea
998 1704 1100 1747 Set.
1141 1706 1484 1750 Claudianum

203 1788 365 1828 factum
394 1799 490 1828 esse
517 1788 701 1837 legimus
728 1788 775 1827 in
804 1789 920 1827 rubr.
951 1788 1019 1827 tit.
1050 1787 1108 1830 D.
1137 1786 1207 1828 29.
1238 1773 1280 1838 5,
1310 1789 1367 1828 «le
1398 1802 1483 1840 quo

204 1872 372 1917 tamen,
422 1880 522 1908 num
557 1869 660 1918 quid
688 1870 1004 1916 immutaverit,
1053 1872 1100 1908 et
1133 1870 1348 1920 singulare
1379 1871 1484 1919 quid

199 1949 396 1999 jusserit,
426 1949 534 1988 nihil
565 1952 744 1989 constat.
783 1948 988 1990 Ceterum
1011 1948 1069 2002 cf.
1087 1927 1195 1998 quae
1223 1960 1352 2000 supra
1382 1948 1484 2002 §.Z

207 2029 402 2068 disserui.
425 2026 523 2080 ¹³⁰)
581 2028 717 2068 Porro
749 2027 921 2069 Nerone
951 2029 1214 2080 imperatore
1243 2033 1291 2069 et
1318 2029 1374 2069 L.
1405 2031 1482 2071 Pi-

204 2119 310 2148 sone
340 2106 460 2149 Coss.
491 2122 585 2149 ann.
616 2107 727 2157 810,
771 2106 871 2148 Chr.
903 2107 980 2158 57,
1026 2107 1187 2149 SCtum
1216 2108 1294 2150 Ne
1307 2114 1485 2154 ronia-

206 2200 321 2228 num
350 2189 443 2228 sive
473 2188 815 2229 Pisonianum
845 2188 1009 2229 editum
1038 2192 1119 2238 est,
1150 2201 1235 2240 quo
1264 2201 1485 2232 servorum

205 2268 308 2307 illae
338 2270 612 2318 quaestiones
631 2270 767 2324 magis
794 2272 1016 2319 extensae,
1045 2273 1376 2323 accuratiusque
1411 2274 1487 2313 de-

208 2391 294 2434 128)
319 2388 344 2427 l.
367 2392 423 2429 27.
446 2390 493 2430 D.
517 2390 599 2430 eod.

208 2460 289 2506 129)
318 2456 343 2497 l.
367 2458 421 2495 13.
447 2458 493 2498 D.
518 2458 601 2498 eod.

207 2528 289 2574 130)
319 2525 376 2564 Cf.
400 2526 439 2564 P.
462 2526 569 2565 Fabri
592 2527 802 2567 Semestria.
824 2528 852 2567 1.
875 2530 931 2568 25.
954 2528 1079 2581 cujac.
1102 2532 1194 2570 obs.
1217 2532 1245 2570 l.
1270 2534 1324 2570 18.
