1721 2821
719 228 776 244 2...
832 206 890 254 ῃ
943 229 1006 245 ..-

223 342 282 371 no
311 329 498 369 deflendi
528 329 663 369 fuisse
689 330 1001 378 videntur-030
1053 313 1505 381 manniskamma...

226 411 421 461 quaestio
452 422 557 459 reo,
587 403 765 462 actore,
796 410 945 449 amicis
972 409 1296 460 hospitibusque
1326 411 1508 451 testibus
1562 440 1564 442 -

224 491 487 539 habebatur,
517 503 543 529 a
571 492 724 540 quibus
758 492 806 528 et
834 489 984 529 modus
1013 485 1107 540 ejus
1132 492 1181 529 et
1207 490 1316 530 *fines
1345 490 1507 539 constb

224 571 457 610 tuebantur
475 569 562 618 Η),
593 574 720 620 atque
750 571 866 609 servi
898 569 1111 609 contemto
1141 565 1510 620 ejusqueimlicia

226 650 386 692 tabulis
425 651 653 701 inscripta,
705 659 733 689 a
770 648 958 690 testibus
997 650 1247 699 obsignata,
1288 632 1511 702 Judicibus

227 733 378 782 postea
405 730 712 777 tradebantur,
743 731 818 779 qni
849 730 1084 770 secundum
1114 741 1168 768 ea
1198 737 1367 769 chusam
1397 732 1510 783 diju-

228 811 456 857 dicarent,
511 811 856 858 sententiamque
907 813 1211 859 componerent
1225 807 1310 861 ³¹³).
1377 808 1511 850 Prae*-

226 893 350 929 terea
376 893 527 930 autem
557 889 786 938 singularis
801 888 969 939 quidam
997 890 1258 939 quaestionis
1281 899 1381 930 usus
1397 902 1511 930 com·

228 970 526 1008 memorandus
555 973 649 1015 est,
680 981 805 1018 quem
841 971 1406 1019 quamquam-imperatorum
1436 971 1514 1008 de-

229 1059 341 1089 mum
371 1049 635 1099 temporibus
665 1048 908 1088 accuratius
934 1048 1248 1099 praescriptum
1277 1054 1407 1100 atque
1439 1052 1515 1090 de-

228 1128 435 1175 finitum‚‘
464 1130 548 1165 hoc
584 1132 725 1166 tamen
763 1129 853 1178 jam
895 1128 1126 1165 invaluisse
1171 1131 1366 1177 tempore
1413 1131 1517 1168 satis

230 1210 424 1258 apparet.
486 1205 765 1247 Dominorum
788 1208 900 1246 enim
921 1212 1172 1247 necatorum
1206 1210 1336 1256 servi,
1367 1190 1537 1249 aueto-x

229 1297 279 1324 re
308 1286 490 1325 sceleris
520 1287 768 1336 incognito,
812 1287 849 1325 si
883 1286 1000 1325 facto
1028 1287 1275 1326 interfuisse
1307 1299 1381 1328 eos
1413 1299 1515 1328 con-

230 1369 392 1414 stabat,
423 1369 733 1415 torquebantur
762 1369 808 1405 et
838 1367 893 1403 de
924 1375 970 1403 se
1002 1367 1113 1416 ipsi,
1148 1369 1185 1406 si
1215 1371 1442 1418 suspecti,
1473 1374 1520 1410 et

232 1444 289 1483 de
344 1448 549 1495 auctore,
614 1444 665 1483 si'
713 1445 877 1483 conscii
938 1446 1102 1486 tantum
1161 1451 1299 1488 erant.
1379 1449 1518 1496 Quam

232 1525 406 1575 quidem
453 1527 746 1575 quaestionem
783 1525 873 1575 jam
913 1523 1065 1563 Sullae
1113 1525 1308 1572 tempore
1345 1525 1390 1563 iu
1441 1535 1520 1563 usu

232 1604 367 1645 fuisse
396 1606 545 1646 elucet
575 1616 633 1644 ex
662 1605 689 1644 1.
704 1603 773 1644 25.
807 1604 861 1645 D.
890 1605 944 1643 de
977 1601 1099 1644 SCto
1131 1602 1209 1643 Sil.

348 1685 501 1735 „Lege
534 1684 737 1725 Cornelia
767 1690 948 1725 cavetur
988 1686 1042 1723 de
1075 1684 1265 1734 praemio
1294 1689 1521 1724 accusato-

233 1766 320 1814 ris,
364 1767 437 1815 qui
467 1766 692 1815 requisivit
721 1769 767 1805 et
796 1766 1071 1805 renunciavit
1112 1774 1188 1802 eos
1217 1775 1386 1812 servos,
1435 1767 1522 1815 qui

235 1858 299 1885 ex
329 1859 387 1884 ea
419 1846 634 1896 familia
667 1849 788 1884 ante
835 1845 1216 1894 quaestionem
1255 1844 1520 1893 fugerint,

234 1930 283 1965 ut
325 1926 370 1964 in
404 1926 599 1974 singulos
640 1935 817 1972 servos,
871 1935 977 1973 quos
1021 1924 1290 1971 convicerit,
1334 1925 1522 1976 quinque

235 2018 389 2051 aureos
425 2020 489 2046 ex
527 2007 688 2045 bonis
733 2005 935 2051 occisi,
967 2008 1042 2043 aut
1157 2016 1215 2042 ex
1245 2006 1421 2055 publico
1451 2019 1523 2045 ac-

234 2140 295 2185 36)
321 2138 397 2177 Cic.
421 2138 494 2176 Mil.
519 2140 618 2176 c.22.
637 2108 739 2185 §.I5S.
776 2138 906 2188 „Quos
929 2138 1001 2174 nisi
1024 2138 1313 2184 manumisisset,
1336 2138 1525 2175 tormentIs

329 2197 436 2233 etiam
472 2194 631 2232 dedendi
675 2194 831 2233 fuissent
872 2201 1146 2232 conservatores
1182 2194 1336 2240 domiui,
1387 2194 1525 2232 ultores

329 2251 503 2298 sceleris,
528 2251 744 2289 defensores
768 2254 904 2290 necis.“

238 2320 299 2365 37)
322 2319 399 2360 Cic.
418 2319 562 2359 cluent.
587 2333 616 2360 c.
630 2321 686 2359 63.
710 2321 742 2367 §.
767 2322 842 2376 176.
867 2322 997 2366 §.177;
1022 2321 1114 2358 e.65.
1139 2321 1254 2367 §.184

227 2388 304 2434 ’38)
329 2386 430 2424 Idem
453 2387 588 2426 ibidem
614 2390 710 2426 c.65.
734 2388 855 2435 §.184
878 2419 882 2422 .
902 2388 1016 2434 „Nam
1032 2377 1185 2426 tabellae
1202 2387 1425 2440 quaestionis
1448 2384 1526 2438 plu-

330 2458 391 2481 res
415 2444 658 2495 proferuntur,
683 2459 776 2496 quae
801 2447 970 2483 recitatae
994 2445 1175 2498 vobisque
1187 2445 1307 2484 editae
1325 2450 1420 2491 sunt,
1443 2442 1527 2481 illae

331 2503 434 2554 ipsae
459 2514 548 2553 quas
571 2507 647 2539 tum
672 2502 878 2552 obsignatas
903 2515 987 2541 esse
1012 2502 1138 2541 dixit.⁶‘
