1721 2821
633 222 914 268 —19—

135 329 288 386 orum.
323 342 586 390 quaestione.
643 322 737 384 ,Iam
775 338 910 389 igitur
937 337 992 377 ad
1020 349 1169 393 eorum
1196 338 1413 380 testium

130 406 363 474 ‘pergamus
391 422 613 460 tormenta.

249 499 467 551 Mancipia
496 499 692 552 quidem,
739 497 900 547 quippe
938 508 1047 546 quae
1076 508 1162 536 non
1188 507 1413 547 personae,

136 580 215 622 sed
242 591 312 620 res
340 581 484 632 potius
527 578 835 623 censebantur,
880 575 938 615 ad
983 576 1272 615 testimonium
1312 588 1412 627 pro·

136 662 233 711 prie
261 659 529 703 admittenda
558 670 643 697 non
664 659 810 703 erant,
841 659 1112 705 quamobrem
1138 656 1254 696 haud
1286 657 1416 696 dubie

128 740 216 791 jam
247 741 330 779 hoc
360 720 562 788 tempore*
586 737 781 785 quaestio
811 737 976 775 nonnisi
1006 737 1049 775 in
1076 737 1318 777 subsidium·
1340 737 1416 776 ad-

137 821 272 859 hibita
302 822 392 863 est,
423 815 460 855 si
491 815 664 865 quidem
694 814 779 853 alio
809 815 960 865 modo,
990 816 1202 863 testibus,
1239 816 1417 863 tabulis,

140 902 288 950 ipsave
319 898 386 937 rei
417 895 690 935 confessione
720 907 869 935 verum
899 896 1080 934 inveniri
1116 907 1200 934 non
1230 898 1417 947 poterat.

137 978 291 1029 Neque
323 980 435 1017 enim
466 978 640 1030 proprie
680 977 793 1022 servi
832 977 913 1020 hac
949 976 993 1015 in
1031 987 1085 1015 re¹
1118 979 1255 1016 testes
1282 978 1416 1016 nomi·

139 1059 252 1106 nati,
284 1060 384 1107 quia
418 1059 498 1096 nisi
528 1059 570 1096 in
602 1057 759 1096 eculeo
789 1059 842 1096 iis
870 1069 954 1096 non
985 1057 1256 1096 credebatur.
1284 1081 1342 1089 —

252 1137 343 1177 Jam
378 1138 492 1186 quod
522 1138 677 1176 attinet
705 1137 762 1175 ad
789 1138 923 1187 ipsam
952 1138 1262 1186 quaestionem,
1290 1139 1422 1176 fiebat

138 1217 215 1256 illa
245 1217 547 1266 antiquissimis
577 1218 840 1266 temporibus
875 1217 920 1255 in
954 1217 1118 1255 alienos
1149 1220 1311 1256 tantum
1340 1217 1418 1258 do-

136 1298 298 1344 minos,
329 1298 373 1337 in
404 1295 603 1345 proprios
633 1297 745 1334 enim
775 1299 824 1333 et
854 1307 970 1334 more
1000 1296 1207 1346 majorum
1237 1301 1283 1337 et
1300 1295 1420 1337 SCto

138 1377 319 1431 quodam
350 1379 443 1413 era-t
472 1376 700 1424 prohibita.
760 1374 966 1415 Attamen
1001 1376 1089 1426 jam
1127 1389 1238 1415 anno
1270 1375 1352 1415 420
1382 1390 1420 1416 a.

146 1456 201 1497 U.
229 1458 273 1495 in
304 1456 480 1495 crimine
506 1458 696 1494 incestus
728 1465 875 1493 servos
904 1455 948 1495 in
981 1459 1112 1506 caput
1142 1455 1303 1496 domini
1332 1461 1422 1496 tor-

138 1536 262 1585 queri
290 1536 476 1582 licebat,
508 1535 622 1584 quod
652 1535 821 1584 quidem
856 1535 962 1577 ill-d
996 1529 1116 1573 Livii
1135 1534 1203 1586 ²⁸)
1237 1535 1372 1582 „fam
1386 1537 1422 1574 i-

137 1616 258 1655 liam
288 1618 485 1655 habere
516 1617 570 1654 in
599 1605 913 1665 potestate“
942 1615 1122 1664 probare
1138 1615 1325 1662 videtur,
1355 1619 1421 1655 at-

136 1709 220 1746 que
266 1694 489 1735 Ciceronis
529 1699 722 1745 tempore
775 1695 829 1733 de
874 1692 1084 1734 Catilinae
1125 1695 1422 1746 conjuratione
1460 1711 1465 1716 ·

138 1753 317 1827 propter
345 1776 410 1813 rei
441 1775 694 1824 gravitatem
719 1777 767 1812 et
795 1774 1034 1824 periculum
1066 1776 1171 1812 item
1201 1775 1255 1812 de
1285 1777 1423 1814 servis

138 1858 182 1895 in
211 1855 370 1897 domini
402 1858 530 1904 capnt
561 1855 756 1903 quaestio
778 1855 923 1892 habita
944 1858 1012 1892 est
1031 1858 1076 1892 et
1104 1855 1282 1901 sancita,
1312 1867 1421 1904 quae

139 1936 291 1987 igitur,
339 1935 528 1975 incestus
567 1938 616 1974 et
646 1933 958 1986 perduellionis
996 1934 1171 1973 crimine
1214 1936 1420 1984 excepto,

140 2102 200 2148 28)
224 2098 304 2139 Liv.
324 2098 420 2138 VIII.
441 2102 495 2139 15.
541 2100 618 2148 „Eo
640 2113 732 2138 anno
755 2086 909 2139 Minucia
930 2099 1089 2139 Vestalis
1112 2105 1280 2153 suspecta
1302 2101 1422 2153 primo

225 2163 379 2208 propter
400 2157 626 2195 mundiorem
647 2159 742 2206 justo
768 2156 917 2202 cultum,
939 2158 1141 2195 insimulata
1168 2156 1301 2195 deinde
1325 2159 1424 2210 apud

228 2212 422 2265 pontifices
450 2213 502 2249 ‹ab
540 2214 660 2251 indice
701 2226 829 2258 servo,
870 2226 981 2264 quum
1004 2213 1150 2250 decreto
1175 2227 1301 2251 eorum
1322 2216 1424 2264 jussa

229 2275 347 2314 esset,
388 2270 500 2308 sacris
523 2270 724 2316 abstinere,
759 2267 1070 2321 familiamque
1104 2271 1149 2307 in
1180 2277 1423 2323 potestate

227 2325 315 2363 hab
329 2338 420 2370 ere,
444 2325 682 2376 faetojudicio
698 2355 773 2365 .......
797 2327 881 2363 viva
905 2325 1051 2363 defossa
1074 2330 1165 2364 est.“
1211 2328 1322 2378 Quod
1346 2332 1423 2381 qui·

229 2382 314 2420 dem
347 2380 464 2420 adhuc
498 2384 785 2435 antiquissimum
822 2384 1045 2434 quaestionis
1089 2382 1179 2421 mihi
1221 2391 1280 2422 est
1313 2388 1422 2424 vesti-

228 2439 340 2490 gium,
365 2452 475 2490 quum
498 2434 590 2478 illud
613 2454 660 2479 ex
671 2440 779 2479 Dion.
801 2438 880 2478 Hal.
904 2440 1009 2477 nimis
1032 2438 1121 2478 mihi
1143 2440 1310 2482 videatur
1330 2455 1416 2495 spu·

229 2497 333 2533 rium.
358 2494 417 2536 Cf.
440 2508 549 2547 supra
572 2499 602 2543 §.
624 2501 658 2534 4.

950 2565 1014 2607 2*
