1721 2821
660 228 946 270 ..73-

162 349 279 387 enim·
313 347 493 387 sciebat⁴
523 347 680 395 heres,
720 357 768 386 se
814 356 909 385 esse
956 345 1159 384 heredem
1197 346 1451 396 institutum,

162 439 264 468 sane
314 438 420 467 vero
450 429 561 478 ‘rem'
601 418 806 467 alacriter
847 430 895 465 et
937 424 1173 474 diligenter
1214 438 1310 466 enm
1347 438 1451 467 esse

165 510 377 559 actorum,
407 520 492 548 non
511 492 837 554 estverisimile,
867 505 1198 555 quiatormenta
1211 509 1262 546 et
1288 507 1451 557 suppli-

168 588 237 627 cia
271 570 436 627 servosv
455 587 693 626 mutilantia
731 586 814 636 ipsi
855 585 1028 625 domino
1067 585 1262 625 damnum
1280 586 1453 626 'infere-

165 670 268 708 bant
283 665 402 718 '²²⁹).
460 666 597 708 Adire
639 668 866 716 praeterea
888 665 1187 705 'hereditatem
1227 678 1311 705 non
1347 666 1454 708 lice·

166 749 268 798 bat,
309 747 410 797 qnia
452 746 496 785 in
526 729 786 791 testamento
825 756 934 795 pure
980 745 1221 785 manumissi
1264 746 1457 786 aditione

158 821 264 878 *ipso
287 827 389 878 jure
418 827 547 865 liberi
575 827 759 875 fiebant,
790 828 920 875 atque
950 825 1012 865 ita
1040 839 1067 865 a
1095 819 1318 866 tormentis
1347 827 1456 867 libe—

145 909 387 946 rabantur.
430 904 631 946 Attamen
660 906 869 945 testatore
900 904 1010 944 elam
1038 908 1210 956 necato,
1240 901 1458 946 servorum

169 998 256 1030 non
284 987 637 1036 praesumebatur
654 985 795 1036 culpa,
828 996 970 1035 neque
998 976 1202 1024 her‘edem
1232 966 1460 1041 quidquam

168 1066 444 1116 impediebat,
472 1066 693 1115 quominus
713 1066 905 1116 aperiret
923 1066 1106 1113 tabulas,
1140 1066 1366 1115 adiretque
1382 1067 1459 1105 he·

170 1147 397 1186 reditatem
416 1144 530 1193 ²²⁰),
569 1148 721 1195 postea
748 1156 854 1184 vero
890 1145 1113 1184 testatoris
1143 1148 1320 1184 mortem
1350 1146 1460 1185 ulei-

170 1227 236 1266 sci
262 1238 360 1265 eum
389 1235 569 1264 necesse
598 1228 712 1270 erat,
749 1224 815 1262 sin
844 1225 983 1263 minus
1011 1224 1214 1272 faciebat,
1243 1226 1462 1266 hereditas

171 1308 475 1358 publicabatur
494 1301 607 1356 ¹2¹).
668 1303 853 1343 Domino
888 1304 1094 1344 intestato
1130 1309 1308 1353 necato,
1336 1307 1464 1346 heres

171 1387 393 1437 proximus
438 1384 660 1432 legitimus
704 1386 803 1423 ante
856 1382 1015 1422 aditam
1063 1384 1347 1425 hereditatem
1391 1387 1465 1426 vel

171 1468 269 1504 ante
307 1468 512 1504 bonorum
548 1464 828 1514 possessionis
874 1452 1128 1513 petitionem
1172 1461 1464 1517 quaestionem

172 1546 332 1584 habere
349 1544 550 1591 debebat,
583 1543 705 1594 cujus
736 1544 801 1581 rei
825 1542 977 1580 eadem
1002 1545 1149 1582 subest
1170 1554 1310 1592 causa,
1341 1556 1465 1595 quam

176 1636 328 1674 supra,
366 1636 421 1662 ne
452 1626 632 1674 propter
670 1621 970 1672 compendium
1004 1621 1127 1661 snum
1166 1623 1352 1663 familiae
1389 1638 1465 1664 oc-

179 1705 365 1745 cultaret
394 1696 694 1750 facinu3122).
753 1690 855 1742 Hoe'
890 1706 1033 1742 antem
1071 1714 1173 1751 casu
1199 1704 1266 1744 sni
1296 1716 1466 1756 quoqne

175 1785 362 1825 heredes
399 1787 444 1823 et
478 1783 713 1823 necessarii
742 1782 925 1833 obligati
961 1764 1085 1824 erant
1111 1785 1167 1824 ad
1196 1786 1346 1824 mortis
1371 1787 1466 1825 vin-

112 1891 114 1893 -
178 1867 359 1917 dictam,
395 1867 621 1914 antequam
654 1846 948 1904 immiscebant
976 1875 1072 1903 sese
1100 1865 1331 1904 hereditati
1351 1848 1467 1913 ¹²3).

179 1945 313 1992 Quod
365 1956 495 1995 quum
546 1945 804 1993 migrabant,
851 1944 1070 1984 hereditas
1116 1945 1221 1984 fisco
1268 1944 1467 1997 addicta,

177 2028 367 2077 ipsisque
398 2037 538 2075 poena
552 2023 705 2064 Edicti
738 2025 940 2073 irrogata.
961 2023 1086 2064 Haec
1111 2024 1283 2074 quidem
1312 2024 1468 2075 poena,

180 2116 303 2156 quam
314 2103 475 2144 Paulus
506 2081 676 2142 centum
706 2103 839 2143 millia
851 2101 1155 2144 Sestertiorum
1186 2103 1319 2144 fuisse
1351 2116 1468 2144 com-

81 2257 100 2271 ⁸
181 2248 266 2294 119)
289 2245 314 2285 l.
337 2248 360 2285 3
383 2248 414 2295 §.
437 2249 493 2288 29.
517 2246 564 2286 D.
590 2247 674 2287 eod.

184 2318 270 2362 120)
293 2314 321 2355 L
345 2317 377 2354 1.
400 2316 420 2363 §
446 2317 500 2354 18.
524 2316 545 2363 §
567 2317 624 2356 21.
641 2316 687 2355 D.
712 2315 792 2355 eod.
816 2315 843 2354 l.
858 2318 892 2355 9.
916 2314 959 2355 C.
984 2315 1067 2356 eod.

182 2387 265 2432 121)
286 2385 312 2423 l.
342 2388 373 2425 1.
391 2385 417 2432 ,§
438 2386 495 2423 21.
518 2383 601 2422 eod.
623 2384 649 2424 l.
671 2387 706 2424 9.
729 2385 771 2424 C.
796 2384 880 2423 eod.

184 2455 270 2501 122)
293 2453 318 2491 l.
342 2452 414 2500 3.§
436 2454 492 2492 29.
515 2452 563 2491 D.
584 2451 667 2492 eod.

185 2523 267 2570 123)
289 2521 314 2560 l.
336 2524 371 2561 5.
393 2535 449 2574 pr.
471 2521 520 2560 D.
543 2520 627 2560 eod.
653 2562 656 2567 ,
