1721 2821
776 209 1066 251 ...74—

275 330 482 369 memorat
501 327 604 375 ¹²⁴)
624 354 638 374 ,
682 338 708 366 a
738 325 1001 379 Tribuniano
1037 329 1082 366 in
1125 332 1300 368 centum
1340 340 1568 370 aureorum

272 419 477 449 summam
504 409 726 449 immutata
755 412 843 458 est,
872 411 1024 458 atque,
1062 407 1180 457 quod
1200 388 1292 461 jam
1319 392 1447 461 snpra
1476 421 1565 450 mo-

269 489 362 539 nui,
398 500 484 528 non
523 488 759 528 heredibus
794 492 982 536 tantum,
1022 488 1102 528 sed
1140 489 1335 528 omnibus
1370 489 1568 540 imposita

273 570 348 619 qui
375 568 587 610 Edictum
624 570 928 620 negligebant,
959 571 987 609 i.
1025 582 1065 608 e.
1113 569 1282 609 tabulas
1325 574 1400 609 aut
1445 570 1566 609 codi-

274 646 412 689 cillos'
450 650 705 701 aperiebant
736 647 845 695 ¹3⁵).
916 649 1005 691 Cur
1045 652 1188 689 autem
1224 649 1410 689 heredes
1440 661 1567 700 prae-

271 732 343 768 ter
377 730 634 769 hereditatis
675 731 1014 780 publicationem
1050 731 1158 769 hanc
1194 729 1351 770 Edicti
1389 742 1566 780 poenam

270 809 485 850 sustinere
517 812 562 850 et
590 810 714 850 luere
752 806 993 852 debebant?
1050 809 1182 852 Certe
1218 811 1304 850 hoc
1334 821 1436 849 casu
1464 820 1565 860 sup-

270 890 583 952 plendi‘causa
610 890 824 932 Edictum
864 905 890 932 a
917 891 1127 932 Praetore
1165 893 1428 942 propositum
1459 893 1565 929 erat.

271 968 442 1015 Quodsi
489 972 602 1011 enim
655 971 876 1021 legitimus
935 972 1064 1011 lieres
1108 974 1369 1022 peccaverat
1419 973 1566 1009 contra

269 1048 447 1099 SCtum,
481 1063 622 1101 neque
653 1062 759 1090 vero
788 1052 917 1091 heres
938 1055 1031 1091 erat
1059 1033 1295 1100 institutus,
1324 1056 1401 1091 aut
1430 1052 1563 1090 exhe-

267 1131 473 1179 redatus,
520 1132 680 1170 nullam
719 1134 776 1171 ob
827 1113 970 1181 legem
1012 1131 1218 1170 violatam
1258 1141 1408 1180 passus
1449 1134 1565 1170 esset

265 1221 449 1261 poenam
479 1222 537 1250 ex
565 1209 686 1251 scto
716 1210 872 1260 Silam,
903 1213 1176 1261 quamobrem
1209 1222 1268 1250 ex
1295 1209 1462 1251 Edicto
1493 1213 1561 1250 te-

265 1293 476 1340 nebatur;
506 1295 736 1344 praeterea
765 1296 908 1333 autem
938 1305 1119 1344 poenam
1148 1292 1266 1332 illam
1294 1291 1478 1332 Praetor
1505 1292 1562 1332 ad

267 1382 415 1412 omnes
453 1373 677 1420 extendit,
721 1374 817 1412 sive
854 1373 1073 1411 hereditas
1110 1372 1163 1410 ad
1202 1383 1276 1412 eos
1304 1373 1562 1422 pertinebat,

264 1452 359 1492 sive
408 1465 508 1493 non.
612 1451 753 1493 Actio*
785 1452 1012 1499 ¹adversus
1061 1452 1294 1492 violatores
1343 1453 1562 1503 popularis

265 1533 440 1585 quidem
485 1535 602 1582 erat,
646 1533 724 1572 sed
773 1536 982 1572 extraneo
1027 1535 1282 1572 accusatore
1329 1535 1560 1582 existente,

265 1615 546 1664 quinquennii
594 1615 937 1664 praescriptione
989 1614 1306 1653 excludebatur
1335 1612 1465 1666 ²²⁶),
1523 1616 1560 1653 si

266 1706 373 1733 vero
406 1695 582 1743 cognati
611 1705 746 1744 usque
776 1694 832 1733 ad
854 1695 1049 1734 sobrinos
1077 1697 1363 1742 accusabant,
1403 1707 1558 1758 perpe—

265 1778 341 1816 tua
372 1780 467 1816 erat
484 1774 600 1823 ¹²¹¹).

263 1909 344 1956 124)
368 1907 470 1948 Paul.
492 1907 516 1947 l.
540 1907 565 1946 1.
588 1907 610 1955 §
635 1908 696 1952 10,
720 1906 905 1960 „amplius
928 1905 987 1943 his
1010 1907 1048 1943 in
1072 1912 1215 1944 centum
1238 1905 1349 1944 millia
1373 1909 1559 1947 sestertio·

373 1979 453 2003 rum
475 1979 595 2017 poena
619 1965 845 2014 irrogatur;“
875 1962 900 2002 l.
923 1965 979 2001 25.
1003 1964 1023 2010 §
1046 1965 1078 2001 2.
1101 1964 1150 2002 D.
1175 1963 1254 2001 eod.
1286 1965 1417 2013 „cujus
1441 1979 1559 2017 poena

376 2022 414 2060 in
439 2030 582 2061 centum
605 2034 737 2060 aureos
763 2034 810 2059 ex
832 2020 938 2058 bonis
961 2019 1115 2061 damnati
1139 2020 1379 2060 extenditur.“

262 2094 344 2139 125)
369 2091 426 2131 Cf.
446 2091 517 2130 loc.
540 2092 576 2129 in
607 2097 683 2129 not.
707 2091 794 2136 118)
820 2089 924 2140 alleg.

263 2162 349 2208 126)
373 2160 400 2200 l.
422 2162 479 2198 25.
502 2161 524 2208 §
546 2161 587 2203 23
609 2158 636 2198 l.
660 2159 714 2198 13.
738 2159 785 2197 D.
810 2157 893 2196 eod.

263 2231 346 2277 127)
368 2228 394 2268 l.
416 2231 471 2268 13.
495 2227 590 2266 laud.
613 2229 700 2280 „qui
723 2226 908 2280 parricidii
930 2239 1048 2278 poena
1070 2228 1187 2265 teneri
1211 2231 1400 2280 possunt.“
1442 2227 1557 2276 Cujus

377 2285 527 2339 quidem
561 2287 618 2324 rei
667 2299 773 2324 causa
811 2291 870 2323 est
902 2285 1102 2323 institutum
1144 2286 1328 2336 sanguinis
1378 2283 1558 2323 vindictae

376 2346 596 2390 (ἓΒῐυΐταώε)
619 2343 717 2396 apud
740 2344 940 2387 Romanos,
971 2355 1077 2393 quam
1100 2342 1145 2379 iis
1171 2344 1406 2397 competiisse
1431 2355 1556 2392 cogna-

374 2402 424 2438 tis
455 2408 493 2438 et
521 2401 690 2439 affinibus
722 2402 894 2450 legimus,
927 2400 1022 2437 inter
1045 2411 1137 2449 quos
1167 2412 1241 2437 nex
1270 2412 1338 2452 pro
1362 2398 1556 2452 parricidio

378 2458 660 2498 existimabatur.
685 2458 745 2498 Cf.
776 2458 915 2496 Klenze
930 2487 939 2502 ‚
971 2459 1022 2495 bie
1045 2460 1230 2506 Rognatm
1262 2461 1332 2497 unb
1356 2459 1494 2504 Utinm
1517 2457 1555 2495 in

373 2518 526 2563 3eitfd2r.
551 2520 577 2562 f.
599 2519 696 2564 gesti).
720 2520 768 2554 St.
791 2518 838 2553 93.
861 2516 895 2552 6.
920 2516 970 2552 ὣ.
992 2515 1050 2553 45.
