<?xml version="1.0" encoding="UTF-8"?>
<!DOCTYPE html PUBLIC "-//W3C//DTD XHTML 1.0 Transitional//EN"
    "http://www.w3.org/TR/xhtml1/DTD/xhtml1-transitional.dtd">
<html xmlns="http://www.w3.org/1999/xhtml" xml:lang="en" lang="en">
 <head>
  <title>
</title>
<meta http-equiv="Content-Type" content="text/html;charset=utf-8" />
  <meta name='ocr-system' content='tesseract 3.04.00' />
  <meta name='ocr-capabilities' content='ocr_page ocr_carea ocr_par ocr_line ocrx_word'/>
</head>
<body>
  <div class='ocr_page' id='page_1' title='image "4738024_0081.png"; bbox 0 0 1721 2821; ppageno 0'>
   <div class='ocr_carea' id='block_1_1' title="bbox 660 221 948 280">
    <p class='ocr_par' dir='ltr' id='par_1_1' title="bbox 660 221 948 280">
     <span class='ocr_line' id='line_1_1' title="bbox 660 221 948 280; baseline 0.003 -25"><span class='ocrx_word' id='word_1_1' title='bbox 660 221 948 280; x_wconf 64' lang='lat'>-269—</span> 
     </span>
    </p>
   </div>
   <div class='ocr_carea' id='block_1_2' title="bbox 112 323 1405 478">
    <p class='ocr_par' dir='ltr' id='par_1_2' title="bbox 112 323 1405 478">
     <span class='ocr_line' id='line_1_2' title="bbox 112 323 1405 401; baseline 0.002 -18"><span class='ocrx_word' id='word_1_2' title='bbox 112 360 138 383; x_wconf 66' lang='grc' dir='ltr'><strong>μ</strong></span> <span class='ocrx_word' id='word_1_3' title='bbox 188 336 265 385; x_wconf 81' lang='lat' dir='ltr'><strong>De</strong></span> <span class='ocrx_word' id='word_1_4' title='bbox 298 336 569 401; x_wconf 81' lang='lat' dir='ltr'><strong>quaestione</strong></span> <span class='ocrx_word' id='word_1_5' title='bbox 602 335 761 394; x_wconf 81' lang='lat' dir='ltr'><strong>habita</strong></span> <span class='ocrx_word' id='word_1_6' title='bbox 795 354 854 386; x_wconf 83' lang='lat' dir='ltr'><strong>ex</strong></span> <span class='ocrx_word' id='word_1_7' title='bbox 888 323 1015 387; x_wconf 84' lang='lat' dir='ltr'><strong>SCto</strong></span> <span class='ocrx_word' id='word_1_8' title='bbox 1058 335 1299 386; x_wconf 84' lang='lat' dir='ltr'>Silaniano</span> <span class='ocrx_word' id='word_1_9' title='bbox 1319 333 1405 400; x_wconf 69' lang='lat'><strong>²⁰⁸).</strong></span> 
     </span>
     <span class='ocr_line' id='line_1_3' title="bbox 722 425 870 478; baseline -0.014 -11"><span class='ocrx_word' id='word_1_10' title='bbox 722 425 769 478; x_wconf 68' lang='lat' dir='ltr'><strong>g.</strong></span> <span class='ocrx_word' id='word_1_11' title='bbox 804 426 870 466; x_wconf 88' lang='lat'><strong>15.</strong></span> 
     </span>
    </p>
   </div>
   <div class='ocr_carea' id='block_1_3' title="bbox 130 527 1439 2176">
    <p class='ocr_par' dir='ltr' id='par_1_3' title="bbox 130 527 1439 2176">
     <span class='ocr_line' id='line_1_4' title="bbox 293 527 1437 581; baseline 0.001 -12"><span class='ocrx_word' id='word_1_12' title='bbox 293 528 422 570; x_wconf 86' lang='lat' dir='ltr'><strong>Haud</strong></span> <span class='ocrx_word' id='word_1_13' title='bbox 448 530 583 570; x_wconf 74' lang='lat' dir='ltr'><strong>dubie</strong></span> <span class='ocrx_word' id='word_1_14' title='bbox 607 530 697 581; x_wconf 75' lang='lat' dir='ltr'><strong>jam</strong></span> <span class='ocrx_word' id='word_1_15' title='bbox 723 528 1010 580; x_wconf 77' lang='lat' dir='ltr'><strong>reipublicae</strong></span> <span class='ocrx_word' id='word_1_16' title='bbox 1030 533 1224 579; x_wconf 80' lang='lat' dir='ltr'><strong>tempore</strong></span> <span class='ocrx_word' id='word_1_17' title='bbox 1241 527 1358 580; x_wconf 77' lang='lat'><strong>¹⁰⁵),</strong></span> <span class='ocrx_word' id='word_1_18' title='bbox 1389 533 1437 570; x_wconf 83' lang='lat' dir='ltr'><strong>ut</strong></span> 
     </span>
     <span class='ocr_line' id='line_1_5' title="bbox 149 587 1435 660; baseline 0 -13"><span class='ocrx_word' id='word_1_19' title='bbox 149 587 465 660; x_wconf 77' lang='lat' dir='ltr'><strong>supra&#39;monni,</strong></span> <span class='ocrx_word' id='word_1_20' title='bbox 496 609 808 657; x_wconf 85' lang='lat' dir='ltr'><strong>mosinvaluit,</strong></span> <span class='ocrx_word' id='word_1_21' title='bbox 838 608 1041 649; x_wconf 72' lang='lat' dir='ltr'><strong>familiam</strong></span> <span class='ocrx_word' id='word_1_22' title='bbox 1069 610 1315 657; x_wconf 77' lang='lat' dir='ltr'><strong>necatorum</strong></span> <span class='ocrx_word' id='word_1_23' title='bbox 1344 612 1435 648; x_wconf 86' lang='lat' dir='ltr'><strong>tor·</strong></span> 
     </span>
     <span class='ocr_line' id='line_1_6' title="bbox 148 665 1434 739; baseline -0.001 -12"><span class='ocrx_word' id='word_1_24' title='bbox 148 665 307 737; x_wconf 76' lang='lat' dir='ltr'><strong>quendi</strong></span> <span class='ocrx_word' id='word_1_25' title='bbox 338 690 623 736; x_wconf 84' lang='lat' dir='ltr'><strong>dominorum,</strong></span> <span class='ocrx_word' id='word_1_26' title='bbox 666 701 774 737; x_wconf 83' lang='lat' dir='ltr'><strong>quae</strong></span> <span class='ocrx_word' id='word_1_27' title='bbox 811 689 924 728; x_wconf 84' lang='lat' dir='ltr'><strong>inter</strong></span> <span class='ocrx_word' id='word_1_28' title='bbox 952 701 1103 728; x_wconf 84' lang='lat' dir='ltr'>necem</span> <span class='ocrx_word' id='word_1_29' title='bbox 1134 700 1270 739; x_wconf 81' lang='lat' dir='ltr'><strong>prope</strong></span> <span class='ocrx_word' id='word_1_30' title='bbox 1299 688 1434 728; x_wconf 83' lang='lat' dir='ltr'><strong>domi·</strong></span> 
     </span>
     <span class='ocr_line' id='line_1_7' title="bbox 147 765 1434 818; baseline -0.001 -11"><span class='ocrx_word' id='word_1_31' title='bbox 147 775 243 808; x_wconf 89' lang='lat' dir='ltr'><strong>num</strong></span> <span class='ocrx_word' id='word_1_32' title='bbox 276 771 369 808; x_wconf 81' lang='lat' dir='ltr'><strong>erat</strong></span> <span class='ocrx_word' id='word_1_33' title='bbox 397 771 579 808; x_wconf 74' lang='lat' dir='ltr'><strong>versuta.</strong></span> <span class='ocrx_word' id='word_1_34' title='bbox 625 765 759 818; x_wconf 84' lang='lat' dir='ltr'><strong>cujus</strong></span> <span class='ocrx_word' id='word_1_35' title='bbox 788 769 1046 817; x_wconf 79' lang='lat' dir='ltr'><strong>quaestionis</strong></span> <span class='ocrx_word' id='word_1_36' title='bbox 1077 778 1205 809; x_wconf 76' lang='lat' dir='ltr'><strong>causa</strong></span> <span class='ocrx_word' id='word_1_37' title='bbox 1234 770 1348 815; x_wconf 78' lang='lat' dir='ltr'><strong>erat,</strong></span> <span class='ocrx_word' id='word_1_38' title='bbox 1378 779 1434 806; x_wconf 90' lang='lat' dir='ltr'><strong>ne</strong></span> 
     </span>
     <span class='ocr_line' id='line_1_8' title="bbox 146 835 1433 900; baseline 0 -14"><span class='ocrx_word' id='word_1_39' title='bbox 146 848 409 887; x_wconf 89' lang='lat' dir='ltr'><strong>dominorum</strong></span> <span class='ocrx_word' id='word_1_40' title='bbox 444 858 556 886; x_wconf 85' lang='lat' dir='ltr'><strong>mors</strong></span> <span class='ocrx_word' id='word_1_41' title='bbox 602 835 811 898; x_wconf 62' lang='lat' dir='ltr'><strong>impunita.</strong></span> <span class='ocrx_word' id='word_1_42' title='bbox 846 845 1064 895; x_wconf 80' lang='lat' dir='ltr'><strong>maneret,</strong></span> <span class='ocrx_word' id='word_1_43' title='bbox 1114 841 1310 900; x_wconf 72' lang='lat' dir='ltr'><strong>quoniam</strong></span> <span class='ocrx_word' id='word_1_44' title='bbox 1350 849 1433 898; x_wconf 79' lang='lat' dir='ltr'><strong>ipsi</strong></span> 
     </span>
     <span class='ocr_line' id='line_1_9' title="bbox 146 927 1439 983; baseline 0.002 -18"><span class='ocrx_word' id='word_1_45' title='bbox 146 928 329 973; x_wconf 77' lang='lat' dir='ltr'><strong>dominis</strong></span> <span class='ocrx_word' id='word_1_46' title='bbox 356 930 471 980; x_wconf 83' lang='lat' dir='ltr'><strong>servi</strong></span> <span class='ocrx_word' id='word_1_47' title='bbox 487 928 723 968; x_wconf 77' lang='lat' dir='ltr'><strong>custodiam</strong></span> <span class='ocrx_word' id='word_1_48' title='bbox 754 930 973 978; x_wconf 74' lang='lat' dir='ltr'><strong>praestare</strong></span> <span class='ocrx_word' id='word_1_49' title='bbox 992 927 1254 968; x_wconf 79' lang='lat' dir='ltr'><strong>debuissent.</strong></span> <span class='ocrx_word' id='word_1_50' title='bbox 1270 927 1439 983; x_wconf 23' lang='lat' dir='ltr'><strong>Quam-k</strong></span> 
     </span>
     <span class='ocr_line' id='line_1_10' title="bbox 142 1002 1431 1058; baseline 0.002 -13"><span class='ocrx_word' id='word_1_51' title='bbox 142 1010 291 1046; x_wconf 83' lang='lat' dir='ltr'><strong>&#39;obrem</strong></span> <span class='ocrx_word' id='word_1_52' title='bbox 327 1010 374 1046; x_wconf 83' lang='lat' dir='ltr'><strong>et</strong></span> <span class='ocrx_word' id='word_1_53' title='bbox 414 1007 469 1046; x_wconf 87' lang='lat' dir='ltr'><strong>de</strong></span> <span class='ocrx_word' id='word_1_54' title='bbox 507 1002 569 1045; x_wconf 71' lang='lat' dir='ltr'><strong>se‘</strong></span> <span class='ocrx_word' id='word_1_55' title='bbox 597 1009 928 1057; x_wconf 74' lang='lat' dir='ltr'><strong>torquebantur,</strong></span> <span class='ocrx_word' id='word_1_56' title='bbox 965 1008 1085 1056; x_wconf 78' lang='lat' dir='ltr'><strong>quasi</strong></span> <span class='ocrx_word' id='word_1_57' title='bbox 1121 1008 1204 1058; x_wconf 81' lang='lat' dir='ltr'><strong>ipsi</strong></span> <span class='ocrx_word' id='word_1_58' title='bbox 1243 1008 1431 1047; x_wconf 85' lang='lat' dir='ltr'><strong>criminis</strong></span> 
     </span>
     <span class='ocr_line' id='line_1_11' title="bbox 141 1087 1431 1137; baseline 0.001 -12"><span class='ocrx_word' id='word_1_59' title='bbox 141 1089 350 1137; x_wconf 81' lang='lat' dir='ltr'><strong>suspecti,</strong></span> <span class='ocrx_word' id='word_1_60' title='bbox 377 1092 424 1128; x_wconf 88' lang='lat' dir='ltr'><strong>et</strong></span> <span class='ocrx_word' id='word_1_61' title='bbox 453 1088 497 1126; x_wconf 87' lang='lat' dir='ltr'><strong>in</strong></span> <span class='ocrx_word' id='word_1_62' title='bbox 526 1087 703 1127; x_wconf 82' lang='lat' dir='ltr'><strong>aliorum</strong></span> <span class='ocrx_word' id='word_1_63' title='bbox 732 1092 876 1137; x_wconf 77' lang='lat' dir='ltr'><strong>caput,</strong></span> <span class='ocrx_word' id='word_1_64' title='bbox 905 1088 942 1126; x_wconf 87' lang='lat' dir='ltr'><strong>si</strong></span> <span class='ocrx_word' id='word_1_65' title='bbox 971 1088 1138 1127; x_wconf 87' lang='lat' dir='ltr'><strong>nonnisi</strong></span> <span class='ocrx_word' id='word_1_66' title='bbox 1166 1090 1301 1128; x_wconf 80' lang='lat' dir='ltr'><strong>testes</strong></span> <span class='ocrx_word' id='word_1_67' title='bbox 1323 1093 1431 1127; x_wconf 64' lang='lat' dir='ltr'><strong>‘&#39;cae—</strong></span> 
     </span>
     <span class='ocr_line' id='line_1_12' title="bbox 143 1164 1430 1222; baseline 0.001 -16"><span class='ocrx_word' id='word_1_68' title='bbox 143 1169 208 1207; x_wconf 86' lang='lat' dir='ltr'><strong>dis</strong></span> <span class='ocrx_word' id='word_1_69' title='bbox 260 1168 444 1207; x_wconf 81' lang='lat' dir='ltr'><strong>fuerant.</strong></span> <span class='ocrx_word' id='word_1_70' title='bbox 511 1164 736 1214; x_wconf 86' lang='lat' dir='ltr'><strong>Ceterum,</strong></span> <span class='ocrx_word' id='word_1_71' title='bbox 772 1167 945 1207; x_wconf 87' lang='lat' dir='ltr'><strong>domino</strong></span> <span class='ocrx_word' id='word_1_72' title='bbox 991 1174 1171 1222; x_wconf 75' lang='lat' dir='ltr'><strong>propter</strong></span> <span class='ocrx_word' id='word_1_73' title='bbox 1210 1178 1430 1208; x_wconf 88' lang='lat' dir='ltr'><strong>servorum</strong></span> 
     </span>
     <span class='ocr_line' id='line_1_13' title="bbox 143 1246 1428 1295; baseline -0.001 -7"><span class='ocrx_word' id='word_1_74' title='bbox 143 1248 363 1287; x_wconf 76' lang='lat' dir='ltr'><strong>custodiae</strong></span> <span class='ocrx_word' id='word_1_75' title='bbox 395 1246 742 1294; x_wconf 84' lang='lat' dir='ltr'><strong>defensionisque</strong></span> <span class='ocrx_word' id='word_1_76' title='bbox 758 1247 983 1286; x_wconf 81' lang='lat' dir='ltr'><strong>defectum</strong></span> <span class='ocrx_word' id='word_1_77' title='bbox 1012 1250 1174 1295; x_wconf 80' lang='lat' dir='ltr'><strong>occiso,</strong></span> <span class='ocrx_word' id='word_1_78' title='bbox 1203 1248 1315 1287; x_wconf 80' lang='lat' dir='ltr'><strong>haud</strong></span> <span class='ocrx_word' id='word_1_79' title='bbox 1348 1247 1428 1287; x_wconf 85' lang='lat' dir='ltr'><strong>du·</strong></span> 
     </span>
     <span class='ocr_line' id='line_1_14' title="bbox 142 1310 1428 1380; baseline 0 -13"><span class='ocrx_word' id='word_1_80' title='bbox 142 1330 210 1367; x_wconf 86' lang='lat' dir='ltr'><strong>bie</strong></span> <span class='ocrx_word' id='word_1_81' title='bbox 231 1330 320 1380; x_wconf 75' lang='lat' dir='ltr'><strong>jam</strong></span> <span class='ocrx_word' id='word_1_82' title='bbox 352 1328 428 1365; x_wconf 89' lang='lat' dir='ltr'><strong>illo</strong></span> <span class='ocrx_word' id='word_1_83' title='bbox 449 1310 654 1377; x_wconf 58' lang='lat' dir='ltr'><strong>&#39;tempore</strong></span> <span class='ocrx_word' id='word_1_84' title='bbox 686 1327 832 1374; x_wconf 79' lang='lat' dir='ltr'><strong>gravia</strong></span> <span class='ocrx_word' id='word_1_85' title='bbox 850 1328 1171 1377; x_wconf 81' lang='lat' dir='ltr'><strong>negligentibus</strong></span> <span class='ocrx_word' id='word_1_86' title='bbox 1199 1326 1428 1367; x_wconf 85' lang='lat' dir='ltr'><strong>inertibus·</strong></span> 
     </span>
     <span class='ocr_line' id='line_1_15' title="bbox 140 1406 1428 1458; baseline -0.001 -10"><span class='ocrx_word' id='word_1_87' title='bbox 140 1421 222 1458; x_wconf 89' lang='lat' dir='ltr'><strong>que</strong></span> <span class='ocrx_word' id='word_1_88' title='bbox 259 1408 535 1447; x_wconf 79' lang='lat' dir='ltr'><strong>imminebant</strong></span> <span class='ocrx_word' id='word_1_89' title='bbox 568 1407 703 1445; x_wconf 88' lang='lat' dir='ltr'><strong>servis</strong></span> <span class='ocrx_word' id='word_1_90' title='bbox 741 1406 953 1456; x_wconf 81' lang='lat' dir='ltr'><strong>supplicia</strong></span> <span class='ocrx_word' id='word_1_91' title='bbox 978 1406 1074 1453; x_wconf 80' lang='lat'><strong>¹⁰⁶)</strong></span> <span class='ocrx_word' id='word_1_92' title='bbox 1113 1406 1322 1448; x_wconf 79' lang='lat' dir='ltr'><strong>Veterem</strong></span> <span class='ocrx_word' id='word_1_93' title='bbox 1353 1420 1428 1448; x_wconf 78' lang='lat' dir='ltr'><strong>au-</strong></span> 
     </span>
     <span class='ocr_line' id='line_1_16' title="bbox 140 1484 1427 1537; baseline -0.001 -10"><span class='ocrx_word' id='word_1_94' title='bbox 140 1489 370 1527; x_wconf 76' lang='lat' dir='ltr'><strong>tem&#39;hunc</strong></span> <span class='ocrx_word' id='word_1_95' title='bbox 400 1498 560 1525; x_wconf 87' lang='lat' dir='ltr'><strong>morem</strong></span> <span class='ocrx_word' id='word_1_96' title='bbox 590 1489 643 1525; x_wconf 79' lang='lat' dir='ltr'><strong>ab</strong></span> <span class='ocrx_word' id='word_1_97' title='bbox 666 1484 855 1534; x_wconf 78' lang='lat' dir='ltr'><strong>Augusti</strong></span> <span class='ocrx_word' id='word_1_98' title='bbox 884 1486 995 1536; x_wconf 82' lang='lat' dir='ltr'><strong>Imp.</strong></span> <span class='ocrx_word' id='word_1_99' title='bbox 1024 1489 1217 1537; x_wconf 89' lang='lat' dir='ltr'><strong>tempore</strong></span> <span class='ocrx_word' id='word_1_100' title='bbox 1246 1499 1427 1526; x_wconf 76' lang='lat' dir='ltr'><strong>accura-</strong></span> 
     </span>
     <span class='ocr_line' id='line_1_17' title="bbox 130 1550 1425 1618; baseline -0.002 -10"><span class='ocrx_word' id='word_1_101' title='bbox 130 1569 224 1608; x_wconf 53' lang='lat' dir='ltr'><strong>rtius</strong></span> <span class='ocrx_word' id='word_1_102' title='bbox 254 1568 489 1613; x_wconf 83' lang='lat' dir='ltr'><strong>definitum,</strong></span> <span class='ocrx_word' id='word_1_103' title='bbox 519 1565 649 1605; x_wconf 76' lang='lat' dir='ltr'><strong>latius</strong></span> <span class='ocrx_word' id='word_1_104' title='bbox 678 1569 904 1606; x_wconf 79' lang='lat' dir='ltr'><strong>extensum</strong></span> <span class='ocrx_word' id='word_1_105' title='bbox 935 1569 981 1605; x_wconf 82' lang='lat' dir='ltr'><strong>et</strong></span> <span class='ocrx_word' id='word_1_106' title='bbox 1010 1550 1183 1606; x_wconf 72' lang='lat' dir='ltr'><strong>auctum</strong></span> <span class='ocrx_word' id='word_1_107' title='bbox 1207 1577 1319 1615; x_wconf 58' lang='lat' dir='ltr'><strong>ese,</strong></span> <span class='ocrx_word' id='word_1_108' title='bbox 1349 1578 1425 1618; x_wconf 78' lang='lat' dir='ltr'><strong>pa-</strong></span> 
     </span>
     <span class='ocr_line' id='line_1_18' title="bbox 136 1643 1428 1699; baseline -0.002 -11"><span class='ocrx_word' id='word_1_109' title='bbox 136 1651 204 1688; x_wconf 83' lang='lat' dir='ltr'><strong>tet</strong></span> <span class='ocrx_word' id='word_1_110' title='bbox 241 1659 300 1686; x_wconf 87' lang='lat' dir='ltr'><strong>ex</strong></span> <span class='ocrx_word' id='word_1_111' title='bbox 331 1647 529 1699; x_wconf 85' lang='lat' dir='ltr'><strong>pluribus·</strong></span> <span class='ocrx_word' id='word_1_112' title='bbox 561 1643 715 1694; x_wconf 84' lang='lat' dir='ltr'><strong>sctis,</strong></span> <span class='ocrx_word' id='word_1_113' title='bbox 755 1646 810 1685; x_wconf 86' lang='lat' dir='ltr'><strong>de</strong></span> <span class='ocrx_word' id='word_1_114' title='bbox 840 1647 993 1696; x_wconf 85' lang='lat' dir='ltr'><strong>quibus</strong></span> <span class='ocrx_word' id='word_1_115' title='bbox 1021 1647 1112 1698; x_wconf 78' lang='lat' dir='ltr'><strong>jam</strong></span> <span class='ocrx_word' id='word_1_116' title='bbox 1140 1647 1324 1697; x_wconf 83' lang='lat' dir='ltr'><strong>singulis</strong></span> <span class='ocrx_word' id='word_1_117' title='bbox 1359 1649 1428 1686; x_wconf 85' lang='lat' dir='ltr'><strong>est</strong></span> 
     </span>
     <span class='ocr_line' id='line_1_19' title="bbox 136 1723 1428 1778; baseline -0.001 -12"><span class='ocrx_word' id='word_1_118' title='bbox 136 1727 450 1778; x_wconf 83' lang='lat' dir='ltr'><strong>disputandum:</strong></span> <span class='ocrx_word' id='word_1_119' title='bbox 521 1724 588 1766; x_wconf 84' lang='lat' dir='ltr'><strong>Ac</strong></span> <span class='ocrx_word' id='word_1_120' title='bbox 634 1726 814 1775; x_wconf 85' lang='lat' dir='ltr'><strong>primum</strong></span> <span class='ocrx_word' id='word_1_121' title='bbox 854 1726 1028 1776; x_wconf 88' lang='lat' dir='ltr'><strong>quidem</strong></span> <span class='ocrx_word' id='word_1_122' title='bbox 1074 1739 1185 1767; x_wconf 76' lang='lat' dir='ltr'><strong>anno</strong></span> <span class='ocrx_word' id='word_1_123' title='bbox 1226 1725 1283 1767; x_wconf 80' lang='lat' dir='ltr'><strong>U.</strong></span> <span class='ocrx_word' id='word_1_124' title='bbox 1326 1723 1428 1775; x_wconf 86' lang='lat'><strong>763,</strong></span> 
     </span>
     <span class='ocr_line' id='line_1_20' title="bbox 138 1797 1426 1848; baseline -0.002 -1"><span class='ocrx_word' id='word_1_125' title='bbox 138 1805 239 1847; x_wconf 86' lang='lat' dir='ltr'><strong>Chr.</strong></span> <span class='ocrx_word' id='word_1_126' title='bbox 273 1805 341 1846; x_wconf 74' lang='lat' dir='ltr'><strong>w.</strong></span> <span class='ocrx_word' id='word_1_127' title='bbox 360 1804 424 1847; x_wconf 81' lang='lat' dir='ltr'><strong>P.</strong></span> <span class='ocrx_word' id='word_1_128' title='bbox 455 1803 659 1845; x_wconf 87' lang='lat' dir='ltr'><strong>Cornelio</strong></span> <span class='ocrx_word' id='word_1_129' title='bbox 700 1804 932 1846; x_wconf 78' lang='lat' dir='ltr'><strong>Dolabella</strong></span> <span class='ocrx_word' id='word_1_130' title='bbox 961 1810 1009 1847; x_wconf 84' lang='lat' dir='ltr'><strong>et</strong></span> <span class='ocrx_word' id='word_1_131' title='bbox 1039 1806 1088 1848; x_wconf 85' lang='lat' dir='ltr'><strong>C.</strong></span> <span class='ocrx_word' id='word_1_132' title='bbox 1118 1797 1426 1847; x_wconf 63' lang='lat' dir='ltr'><strong>Junio‘Silano</strong></span> 
     </span>
     <span class='ocr_line' id='line_1_21' title="bbox 137 1885 1424 1939; baseline -0.001 -12"><span class='ocrx_word' id='word_1_133' title='bbox 137 1886 256 1927; x_wconf 89' lang='lat' dir='ltr'><strong>Coss.</strong></span> <span class='ocrx_word' id='word_1_134' title='bbox 287 1887 450 1926; x_wconf 77' lang='lat' dir='ltr'><strong>factum</strong></span> <span class='ocrx_word' id='word_1_135' title='bbox 488 1890 556 1925; x_wconf 89' lang='lat' dir='ltr'><strong>est</strong></span> <span class='ocrx_word' id='word_1_136' title='bbox 591 1885 784 1925; x_wconf 89' lang='lat' dir='ltr'><strong>SCtum</strong></span> <span class='ocrx_word' id='word_1_137' title='bbox 814 1886 1173 1939; x_wconf 75' lang='lat' dir='ltr'><strong>Silanianum,</strong></span> <span class='ocrx_word' id='word_1_138' title='bbox 1206 1887 1262 1926; x_wconf 91' lang='lat' dir='ltr'><strong>de</strong></span> <span class='ocrx_word' id='word_1_139' title='bbox 1291 1898 1424 1936; x_wconf 78' lang='lat' dir='ltr'><strong>quae-</strong></span> 
     </span>
     <span class='ocr_line' id='line_1_22' title="bbox 134 1946 1423 2016; baseline -0.001 -11"><span class='ocrx_word' id='word_1_140' title='bbox 134 1948 273 2006; x_wconf 83' lang='lat' dir='ltr'><strong>stione</strong></span> <span class='ocrx_word' id='word_1_141' title='bbox 303 1968 482 2016; x_wconf 81' lang='lat' dir='ltr'><strong>propter</strong></span> <span class='ocrx_word' id='word_1_142' title='bbox 511 1977 664 2004; x_wconf 86' lang='lat' dir='ltr'><strong>necem</strong></span> <span class='ocrx_word' id='word_1_143' title='bbox 697 1966 859 2006; x_wconf 88' lang='lat' dir='ltr'><strong>domini</strong></span> <span class='ocrx_word' id='word_1_144' title='bbox 896 1946 952 2005; x_wconf 80' lang='lat' dir='ltr'><strong>de</strong></span> <span class='ocrx_word' id='word_1_145' title='bbox 982 1967 1142 2006; x_wconf 81' lang='lat' dir='ltr'><strong>familia</strong></span> <span class='ocrx_word' id='word_1_146' title='bbox 1169 1970 1423 2016; x_wconf 15' lang='lat' dir='ltr'><strong>anteva&#39;per-</strong></span> 
     </span>
     <span class='ocr_line' id='line_1_23' title="bbox 135 2040 1425 2097; baseline -0.002 -11"><span class='ocrx_word' id='word_1_147' title='bbox 135 2050 201 2086; x_wconf 74' lang='lat' dir='ltr'><strong>tas</strong></span> <span class='ocrx_word' id='word_1_148' title='bbox 228 2046 477 2092; x_wconf 74' lang='lat' dir='ltr'><strong>testamenti</strong></span> <span class='ocrx_word' id='word_1_149' title='bbox 501 2040 668 2085; x_wconf 78' lang='lat' dir='ltr'><strong>tabulas</strong></span> <span class='ocrx_word' id='word_1_150' title='bbox 701 2045 911 2086; x_wconf 76' lang='lat' dir='ltr'><strong>habenda.</strong></span> <span class='ocrx_word' id='word_1_151' title='bbox 937 2068 995 2079; x_wconf 83' lang='lat'><strong>——-</strong></span> <span class='ocrx_word' id='word_1_152' title='bbox 1046 2044 1180 2097; x_wconf 75' lang='lat' dir='ltr'><strong>Cujus</strong></span> <span class='ocrx_word' id='word_1_153' title='bbox 1208 2045 1425 2096; x_wconf 76' lang='lat' dir='ltr'><strong>quaestio·</strong></span> 
     </span>
     <span class='ocr_line' id='line_1_24' title="bbox 132 2124 1424 2176; baseline 0 -10"><span class='ocrx_word' id='word_1_154' title='bbox 132 2128 199 2167; x_wconf 87' lang='lat' dir='ltr'><strong>nis</strong></span> <span class='ocrx_word' id='word_1_155' title='bbox 246 2136 374 2164; x_wconf 74' lang='lat' dir='ltr'><strong>causa</strong></span> <span class='ocrx_word' id='word_1_156' title='bbox 412 2125 538 2176; x_wconf 85' lang='lat' dir='ltr'><strong>plane</strong></span> <span class='ocrx_word' id='word_1_157' title='bbox 585 2124 735 2164; x_wconf 79' lang='lat' dir='ltr'><strong>eadem</strong></span> <span class='ocrx_word' id='word_1_158' title='bbox 778 2128 871 2165; x_wconf 75' lang='lat' dir='ltr'><strong>erat</strong></span> <span class='ocrx_word' id='word_1_159' title='bbox 911 2138 1033 2176; x_wconf 74' lang='lat' dir='ltr'><strong>quam</strong></span> <span class='ocrx_word' id='word_1_160' title='bbox 1075 2127 1121 2166; x_wconf 88' lang='lat' dir='ltr'><strong>in</strong></span> <span class='ocrx_word' id='word_1_161' title='bbox 1163 2127 1307 2176; x_wconf 79' lang='lat' dir='ltr'><strong>priore</strong></span> <span class='ocrx_word' id='word_1_162' title='bbox 1344 2125 1424 2166; x_wconf 79' lang='lat' dir='ltr'><strong>illa</strong></span> 
     </span>
    </p>
   </div>
   <div class='ocr_carea' id='block_1_4' title="bbox 133 2209 403 2219">
    <p class='ocr_par' dir='ltr' id='par_1_4' title="bbox 133 2209 403 2219">
     <span class='ocr_line' id='line_1_25' title="bbox 133 2209 403 2219; baseline 0 602"><span class='ocrx_word' id='word_1_163' title='bbox 133 2209 403 2219; x_wconf 95' lang='lat' dir='ltr'><strong> </strong></span> 
     </span>
    </p>
   </div>
   <div class='ocr_carea' id='block_1_5' title="bbox 134 2243 1424 2410">
    <p class='ocr_par' dir='ltr' id='par_1_5' title="bbox 134 2243 1424 2410">
     <span class='ocr_line' id='line_1_26' title="bbox 134 2243 1424 2298; baseline -0.001 -13"><span class='ocrx_word' id='word_1_164' title='bbox 134 2247 219 2293; x_wconf 75' lang='lat'>104)</span> <span class='ocrx_word' id='word_1_165' title='bbox 244 2243 302 2283; x_wconf 83' lang='lat' dir='ltr'><strong>Cf.</strong></span> <span class='ocrx_word' id='word_1_166' title='bbox 324 2245 378 2284; x_wconf 83' lang='lat' dir='ltr'><strong>tit.</strong></span> <span class='ocrx_word' id='word_1_167' title='bbox 402 2244 449 2283; x_wconf 90' lang='lat' dir='ltr'><strong>D.</strong></span> <span class='ocrx_word' id='word_1_168' title='bbox 472 2244 531 2282; x_wconf 88' lang='lat' dir='ltr'><strong>De</strong></span> <span class='ocrx_word' id='word_1_169' title='bbox 553 2245 654 2283; x_wconf 73' lang='lat' dir='ltr'><strong>scta</strong></span> <span class='ocrx_word' id='word_1_170' title='bbox 666 2244 731 2284; x_wconf 90' lang='lat' dir='ltr'><strong>Sil.</strong></span> <span class='ocrx_word' id='word_1_171' title='bbox 753 2245 904 2292; x_wconf 84' lang='lat' dir='ltr'><strong>(XXIX.</strong></span> <span class='ocrx_word' id='word_1_172' title='bbox 926 2247 1004 2294; x_wconf 81' lang='lat'><strong>5.);</strong></span> <span class='ocrx_word' id='word_1_173' title='bbox 1026 2247 1080 2285; x_wconf 80' lang='lat' dir='ltr'><strong>tit.</strong></span> <span class='ocrx_word' id='word_1_174' title='bbox 1104 2246 1147 2285; x_wconf 83' lang='lat' dir='ltr'><strong>C.</strong></span> <span class='ocrx_word' id='word_1_175' title='bbox 1170 2244 1230 2284; x_wconf 82' lang='lat' dir='ltr'><strong>De</strong></span> <span class='ocrx_word' id='word_1_176' title='bbox 1253 2246 1300 2283; x_wconf 81' lang='lat' dir='ltr'><strong>iis</strong></span> <span class='ocrx_word' id='word_1_177' title='bbox 1323 2246 1424 2298; x_wconf 78' lang='lat' dir='ltr'><strong>quib.</strong></span> 
     </span>
     <span class='ocr_line' id='line_1_27' title="bbox 246 2299 1418 2353; baseline 0.003 -16"><span class='ocrx_word' id='word_1_178' title='bbox 246 2307 287 2338; x_wconf 84' lang='lat' dir='ltr'><strong>ut</strong></span> <span class='ocrx_word' id='word_1_179' title='bbox 309 2300 443 2349; x_wconf 84' lang='lat' dir='ltr'><strong>indign.</strong></span> <span class='ocrx_word' id='word_1_180' title='bbox 468 2299 547 2352; x_wconf 80' lang='lat' dir='ltr'><strong>(VI.</strong></span> <span class='ocrx_word' id='word_1_181' title='bbox 569 2303 648 2348; x_wconf 88' lang='lat'>35.)</span> <span class='ocrx_word' id='word_1_182' title='bbox 692 2300 793 2342; x_wconf 75' lang='lat' dir='ltr'><strong>Paul.</strong></span> <span class='ocrx_word' id='word_1_183' title='bbox 822 2315 852 2340; x_wconf 79' lang='grc' dir='ltr'><strong>ε.</strong></span> <span class='ocrx_word' id='word_1_184' title='bbox 882 2315 913 2341; x_wconf 85' lang='lat' dir='ltr'><strong>r.</strong></span> <span class='ocrx_word' id='word_1_185' title='bbox 942 2301 1003 2340; x_wconf 89' lang='lat' dir='ltr'><strong>IH.</strong></span> <span class='ocrx_word' id='word_1_186' title='bbox 1025 2304 1059 2340; x_wconf 84' lang='lat'><strong>5.</strong></span> <span class='ocrx_word' id='word_1_187' title='bbox 1083 2301 1184 2353; x_wconf 82' lang='lat' dir='ltr'><strong>Ignei</strong></span> <span class='ocrx_word' id='word_1_188' title='bbox 1206 2302 1349 2341; x_wconf 89' lang='lat' dir='ltr'><strong>Comm.</strong></span> <span class='ocrx_word' id='word_1_189' title='bbox 1372 2302 1418 2341; x_wconf 74' lang='lat' dir='ltr'><strong>ad</strong></span> 
     </span>
     <span class='ocr_line' id='line_1_28' title="bbox 247 2355 770 2410; baseline 0 -13"><span class='ocrx_word' id='word_1_190' title='bbox 247 2356 335 2397; x_wconf 86' lang='lat' dir='ltr'><strong>SCt.</strong></span> <span class='ocrx_word' id='word_1_191' title='bbox 352 2357 422 2398; x_wconf 81' lang='lat' dir='ltr'><strong>Sil.</strong></span> <span class='ocrx_word' id='word_1_192' title='bbox 446 2355 509 2396; x_wconf 83' lang='lat' dir='ltr'><strong>fol.</strong></span> <span class='ocrx_word' id='word_1_193' title='bbox 530 2356 645 2410; x_wconf 85' lang='lat' dir='ltr'><strong>Lugd.</strong></span> <span class='ocrx_word' id='word_1_194' title='bbox 671 2359 770 2397; x_wconf 81' lang='lat'><strong>1539.</strong></span> 
     </span>
    </p>
   </div>
   <div class='ocr_carea' id='block_1_6' title="bbox 132 2435 1424 2555">
    <p class='ocr_par' dir='ltr' id='par_1_6' title="bbox 132 2435 1424 2555">
     <span class='ocr_line' id='line_1_29' title="bbox 132 2435 1424 2491; baseline 0.001 -16"><span class='ocrx_word' id='word_1_195' title='bbox 132 2440 218 2483; x_wconf 88' lang='lat'>105)</span> <span class='ocrx_word' id='word_1_196' title='bbox 242 2437 320 2475; x_wconf 77' lang='lat' dir='ltr'><strong>cic.</strong></span> <span class='ocrx_word' id='word_1_197' title='bbox 350 2449 409 2488; x_wconf 81' lang='lat' dir='ltr'><strong>ep.</strong></span> <span class='ocrx_word' id='word_1_198' title='bbox 438 2451 469 2475; x_wconf 85' lang='lat' dir='ltr'><strong>a.</strong></span> <span class='ocrx_word' id='word_1_199' title='bbox 502 2436 537 2475; x_wconf 85' lang='lat' dir='ltr'><strong>d.</strong></span> <span class='ocrx_word' id='word_1_200' title='bbox 560 2437 623 2475; x_wconf 87' lang='lat' dir='ltr'><strong>IV.</strong></span> <span class='ocrx_word' id='word_1_201' title='bbox 650 2439 716 2483; x_wconf 69' lang='lat'><strong>12„</strong></span> <span class='ocrx_word' id='word_1_202' title='bbox 739 2435 763 2475; x_wconf 92' lang='lat' dir='ltr'><strong>l.</strong></span> <span class='ocrx_word' id='word_1_203' title='bbox 786 2438 842 2475; x_wconf 77' lang='lat'><strong>25.</strong></span> <span class='ocrx_word' id='word_1_204' title='bbox 871 2451 926 2489; x_wconf 81' lang='lat' dir='ltr'><strong>pt.</strong></span> <span class='ocrx_word' id='word_1_205' title='bbox 955 2438 1002 2476; x_wconf 92' lang='lat' dir='ltr'><strong>D.</strong></span> <span class='ocrx_word' id='word_1_206' title='bbox 1026 2437 1062 2477; x_wconf 74' lang='lat' dir='ltr'><strong>h.</strong></span> <span class='ocrx_word' id='word_1_207' title='bbox 1084 2445 1109 2477; x_wconf 74' lang='lat' dir='ltr'><strong>t.</strong></span> <span class='ocrx_word' id='word_1_208' title='bbox 1133 2438 1191 2478; x_wconf 80' lang='lat' dir='ltr'><strong>Cf.</strong></span> <span class='ocrx_word' id='word_1_209' title='bbox 1215 2451 1324 2491; x_wconf 79' lang='lat' dir='ltr'><strong>supra</strong></span> <span class='ocrx_word' id='word_1_210' title='bbox 1346 2441 1366 2486; x_wconf 72' lang='grc'><strong>5</strong></span> <span class='ocrx_word' id='word_1_211' title='bbox 1389 2441 1424 2477; x_wconf 85' lang='lat'><strong>5.</strong></span> 
     </span>
     <span class='ocr_line' id='line_1_30' title="bbox 132 2503 566 2555; baseline -0.002 -11"><span class='ocrx_word' id='word_1_212' title='bbox 132 2507 219 2555; x_wconf 79' lang='lat'>106)</span> <span class='ocrx_word' id='word_1_213' title='bbox 246 2503 303 2544; x_wconf 79' lang='lat' dir='ltr'><strong>Cf.</strong></span> <span class='ocrx_word' id='word_1_214' title='bbox 327 2503 396 2543; x_wconf 80' lang='lat' dir='ltr'><strong>loe.</strong></span> <span class='ocrx_word' id='word_1_215' title='bbox 421 2503 518 2543; x_wconf 85' lang='lat' dir='ltr'><strong>mod.</strong></span> <span class='ocrx_word' id='word_1_216' title='bbox 541 2503 566 2543; x_wconf 86' lang='lat'><strong>1.</strong></span> 
     </span>
    </p>
   </div>
  </div>
 </body>
</html>
