<?xml version="1.0" encoding="UTF-8"?>
<!DOCTYPE html PUBLIC "-//W3C//DTD XHTML 1.0 Transitional//EN"
    "http://www.w3.org/TR/xhtml1/DTD/xhtml1-transitional.dtd">
<html xmlns="http://www.w3.org/1999/xhtml" xml:lang="en" lang="en">
 <head>
  <title>
</title>
<meta http-equiv="Content-Type" content="text/html;charset=utf-8" />
  <meta name='ocr-system' content='tesseract 3.04.00' />
  <meta name='ocr-capabilities' content='ocr_page ocr_carea ocr_par ocr_line ocrx_word'/>
</head>
<body>
  <div class='ocr_page' id='page_1' title='image "4738024_0014.png"; bbox 0 0 1721 2821; ppageno 0'>
   <div class='ocr_carea' id='block_1_1' title="bbox 710 261 1003 300">
    <p class='ocr_par' dir='ltr' id='par_1_1' title="bbox 710 261 1003 300">
     <span class='ocr_line' id='line_1_1' title="bbox 710 261 1003 300; baseline 0 -6"><span class='ocrx_word' id='word_1_1' title='bbox 710 261 1003 300; x_wconf 80' lang='lat'>-2—</span> 
     </span>
    </p>
   </div>
   <div class='ocr_carea' id='block_1_2' title="bbox 214 376 1528 623">
    <p class='ocr_par' dir='ltr' id='par_1_2' title="bbox 214 345 1596 623">
     <span class='ocr_line' id='line_1_2' title="bbox 342 376 1501 444; baseline 0.002 -17"><span class='ocrx_word' id='word_1_2' title='bbox 342 378 502 444; x_wconf 86' lang='lat' dir='ltr'><strong>Ipsam</strong></span> <span class='ocrx_word' id='word_1_3' title='bbox 546 376 916 426; x_wconf 88' lang='lat' dir='ltr'>dissertationem</span> <span class='ocrx_word' id='word_1_4' title='bbox 958 376 1236 443; x_wconf 71' lang='lat' dir='ltr'>tripartitam</span> <span class='ocrx_word' id='word_1_5' title='bbox 1267 379 1385 440; x_wconf 82' lang='lat' dir='ltr'>feci,</span> <span class='ocrx_word' id='word_1_6' title='bbox 1425 395 1501 431; x_wconf 83' lang='lat' dir='ltr'>se·</span> 
     </span>
     <span class='ocr_line' id='line_1_3' title="bbox 214 466 1528 537; baseline 0.001 -19"><span class='ocrx_word' id='word_1_7' title='bbox 214 469 417 519; x_wconf 87' lang='lat' dir='ltr'>cundum</span> <span class='ocrx_word' id='word_1_8' title='bbox 454 474 580 518; x_wconf 76' lang='lat' dir='ltr'>celta</span> <span class='ocrx_word' id='word_1_9' title='bbox 615 466 890 534; x_wconf 85' lang='lat' dir='ltr'><strong>dispositam</strong></span> <span class='ocrx_word' id='word_1_10' title='bbox 922 473 1134 533; x_wconf 75' lang='lat' dir='ltr'>tempota</span> <span class='ocrx_word' id='word_1_11' title='bbox 1173 467 1264 529; x_wconf 87' lang='lat' dir='ltr'>ita,</span> <span class='ocrx_word' id='word_1_12' title='bbox 1304 477 1357 519; x_wconf 90' lang='lat' dir='ltr'>ut</span> <span class='ocrx_word' id='word_1_13' title='bbox 1388 469 1528 537; x_wconf 48' lang='lat' dir='ltr'>pri-⁴</span> 
     </span>
     <span class='ocr_line' id='line_1_4' title="bbox 214 552 1502 623; baseline 0.001 -16"><span class='ocrx_word' id='word_1_14' title='bbox 214 575 300 607; x_wconf 91' lang='lat' dir='ltr'>mo</span> <span class='ocrx_word' id='word_1_15' title='bbox 346 558 406 606; x_wconf 92' lang='lat' dir='ltr'>de</span> <span class='ocrx_word' id='word_1_16' title='bbox 449 555 773 622; x_wconf 75' lang='lat' dir='ltr'><strong>quaestionum</strong></span> <span class='ocrx_word' id='word_1_17' title='bbox 815 556 947 623; x_wconf 91' lang='lat' dir='ltr'>apud</span> <span class='ocrx_word' id='word_1_18' title='bbox 987 558 1230 606; x_wconf 87' lang='lat' dir='ltr'>Romanos</span> <span class='ocrx_word' id='word_1_19' title='bbox 1270 552 1502 608; x_wconf 61' lang='lat' dir='ltr'>ante‘Au-</span> 
     </span>
    </p>
   </div>
   <div class='ocr_carea' id='block_1_3' title="bbox 215 646 1552 714">
    <p class='ocr_par' dir='ltr' id='par_1_3' title="bbox 215 646 1612 714">
     <span class='ocr_line' id='line_1_5' title="bbox 215 646 1552 714; baseline 0.001 -17"><span class='ocrx_word' id='word_1_20' title='bbox 215 656 398 709; x_wconf 86' lang='lat' dir='ltr'>gustum</span> <span class='ocrx_word' id='word_1_21' title='bbox 433 647 754 714; x_wconf 76' lang='lat' dir='ltr'>imperatorem</span> <span class='ocrx_word' id='word_1_22' title='bbox 787 646 982 696; x_wconf 82' lang='lat' dir='ltr'>historia</span> <span class='ocrx_word' id='word_1_23' title='bbox 1016 653 1202 706; x_wconf 80' lang='lat' dir='ltr'>agatur,</span> <span class='ocrx_word' id='word_1_24' title='bbox 1247 648 1503 698; x_wconf 81' lang='lat' dir='ltr'>secundo</span> <span class='ocrx_word' id='word_1_25' title='bbox 1545 694 1552 697; x_wconf 86' lang='grc'>.</span> 
     </span>
    </p>
   </div>
   <div class='ocr_carea' id='block_1_4' title="bbox 213 736 1527 2064">
    <p class='ocr_par' dir='ltr' id='par_1_4' title="bbox 213 736 1527 1687">
     <span class='ocr_line' id='line_1_6' title="bbox 214 736 1505 807; baseline 0 -20"><span class='ocrx_word' id='word_1_26' title='bbox 214 738 324 787; x_wconf 91' lang='lat' dir='ltr'>loco</span> <span class='ocrx_word' id='word_1_27' title='bbox 362 738 420 786; x_wconf 91' lang='lat' dir='ltr'>de</span> <span class='ocrx_word' id='word_1_28' title='bbox 456 753 611 785; x_wconf 87' lang='lat' dir='ltr'>earum</span> <span class='ocrx_word' id='word_1_29' title='bbox 655 753 804 802; x_wconf 85' lang='lat' dir='ltr'>usque</span> <span class='ocrx_word' id='word_1_30' title='bbox 847 736 911 786; x_wconf 90' lang='lat' dir='ltr'>ad</span> <span class='ocrx_word' id='word_1_31' title='bbox 942 736 1254 787; x_wconf 89' lang='lat' dir='ltr'>Justinianum</span> <span class='ocrx_word' id='word_1_32' title='bbox 1288 753 1505 807; x_wconf 75' lang='lat' dir='ltr'>progres-</span> 
     </span>
     <span class='ocr_line' id='line_1_7' title="bbox 215 819 1505 894; baseline -0.001 -17"><span class='ocrx_word' id='word_1_33' title='bbox 215 845 295 887; x_wconf 91' lang='lat' dir='ltr'>su,</span> <span class='ocrx_word' id='word_1_34' title='bbox 339 832 636 893; x_wconf 87' lang='lat' dir='ltr'>postremo</span> <span class='ocrx_word' id='word_1_35' title='bbox 682 827 741 875; x_wconf 91' lang='lat' dir='ltr'>de</span> <span class='ocrx_word' id='word_1_36' title='bbox 783 826 864 886; x_wconf 89' lang='lat' dir='ltr'>iis,</span> <span class='ocrx_word' id='word_1_37' title='bbox 910 843 1030 892; x_wconf 91' lang='lat' dir='ltr'>quae</span> <span class='ocrx_word' id='word_1_38' title='bbox 1072 826 1176 894; x_wconf 90' lang='lat' dir='ltr'>ipse</span> <span class='ocrx_word' id='word_1_39' title='bbox 1216 819 1505 876; x_wconf 82' lang='lat' dir='ltr'>Justinianus</span> 
     </span>
     <span class='ocr_line' id='line_1_8' title="bbox 215 915 1506 984; baseline -0.001 -17"><span class='ocrx_word' id='word_1_40' title='bbox 215 918 264 967; x_wconf 90' lang='lat' dir='ltr'>in</span> <span class='ocrx_word' id='word_1_41' title='bbox 298 915 577 966; x_wconf 80' lang='lat' dir='ltr'>adhibendis</span> <span class='ocrx_word' id='word_1_42' title='bbox 612 915 917 966; x_wconf 82' lang='lat' dir='ltr'>immutaverit</span> <span class='ocrx_word' id='word_1_43' title='bbox 952 916 1318 984; x_wconf 84' lang='lat' dir='ltr'>quaestionibuS.</span> <span class='ocrx_word' id='word_1_44' title='bbox 1379 917 1506 980; x_wconf 88' lang='lat' dir='ltr'>Qua-</span> 
     </span>
     <span class='ocr_line' id='line_1_9' title="bbox 213 1006 1507 1073; baseline -0.002 -15"><span class='ocrx_word' id='word_1_45' title='bbox 213 1026 316 1058; x_wconf 86' lang='lat' dir='ltr'>rum</span> <span class='ocrx_word' id='word_1_46' title='bbox 362 1024 577 1072; x_wconf 81' lang='lat' dir='ltr'>quaeque</span> <span class='ocrx_word' id='word_1_47' title='bbox 628 1022 743 1072; x_wconf 86' lang='lat' dir='ltr'>pars</span> <span class='ocrx_word' id='word_1_48' title='bbox 796 1006 984 1056; x_wconf 82' lang='lat' dir='ltr'>duobus</span> <span class='ocrx_word' id='word_1_49' title='bbox 1034 1015 1217 1057; x_wconf 86' lang='lat' dir='ltr'>constat</span> <span class='ocrx_word' id='word_1_50' title='bbox 1259 1006 1507 1073; x_wconf 88' lang='lat' dir='ltr'>capitibus,</span> 
     </span>
     <span class='ocr_line' id='line_1_10' title="bbox 217 1095 1507 1162; baseline -0.001 -17"><span class='ocrx_word' id='word_1_51' title='bbox 217 1095 438 1162; x_wconf 85' lang='lat' dir='ltr'>quoniam</span> <span class='ocrx_word' id='word_1_52' title='bbox 474 1102 520 1144; x_wconf 90' lang='lat' dir='ltr'>et</span> <span class='ocrx_word' id='word_1_53' title='bbox 554 1095 613 1143; x_wconf 91' lang='lat' dir='ltr'>de</span> <span class='ocrx_word' id='word_1_54' title='bbox 647 1110 869 1143; x_wconf 89' lang='lat' dir='ltr'>reorum</span> <span class='ocrx_word' id='word_1_55' title='bbox 905 1101 951 1144; x_wconf 91' lang='lat' dir='ltr'>et</span> <span class='ocrx_word' id='word_1_56' title='bbox 985 1095 1045 1144; x_wconf 90' lang='lat' dir='ltr'>de</span> <span class='ocrx_word' id='word_1_57' title='bbox 1084 1096 1317 1146; x_wconf 86' lang='lat' dir='ltr'>testium</span> <span class='ocrx_word' id='word_1_58' title='bbox 1360 1095 1507 1145; x_wconf 89' lang='lat' dir='ltr'>disse-</span> 
     </span>
     <span class='ocr_line' id='line_1_11' title="bbox 218 1181 1508 1255; baseline -0.001 -20"><span class='ocrx_word' id='word_1_59' title='bbox 218 1186 335 1235; x_wconf 89' lang='lat' dir='ltr'>ritur</span> <span class='ocrx_word' id='word_1_60' title='bbox 372 1184 635 1243; x_wconf 85' lang='lat' dir='ltr'>tormentis,</span> <span class='ocrx_word' id='word_1_61' title='bbox 681 1183 1001 1251; x_wconf 69' lang='lat' dir='ltr'>subdivisione</span> <span class='ocrx_word' id='word_1_62' title='bbox 1042 1181 1270 1234; x_wconf 79' lang='lat' dir='ltr'>adhibita</span> <span class='ocrx_word' id='word_1_63' title='bbox 1292 1202 1353 1234; x_wconf 81' lang='lat' dir='ltr'>ex</span> <span class='ocrx_word' id='word_1_64' title='bbox 1397 1201 1508 1255; x_wconf 79' lang='lat' dir='ltr'>con-</span> 
     </span>
     <span class='ocr_line' id='line_1_12' title="bbox 216 1262 1511 1333; baseline -0.002 -8"><span class='ocrx_word' id='word_1_65' title='bbox 216 1276 398 1326; x_wconf 86' lang='lat' dir='ltr'>ditione</span> <span class='ocrx_word' id='word_1_66' title='bbox 432 1290 685 1333; x_wconf 88' lang='lat' dir='ltr'>servorum,</span> <span class='ocrx_word' id='word_1_67' title='bbox 720 1262 845 1323; x_wconf 86' lang='lat' dir='ltr'>statu</span> <span class='ocrx_word' id='word_1_68' title='bbox 877 1273 1143 1333; x_wconf 91' lang='lat' dir='ltr'>liberorum,</span> <span class='ocrx_word' id='word_1_69' title='bbox 1170 1266 1439 1323; x_wconf 85' lang='lat' dir='ltr'>libertorum</span> <span class='ocrx_word' id='word_1_70' title='bbox 1465 1281 1511 1323; x_wconf 90' lang='lat' dir='ltr'>et</span> 
     </span>
     <span class='ocr_line' id='line_1_13' title="bbox 216 1362 1527 1430; baseline -0.004 -15"><span class='ocrx_word' id='word_1_71' title='bbox 216 1366 538 1427; x_wconf 87' lang='lat' dir='ltr'>ingenuorum.</span> <span class='ocrx_word' id='word_1_72' title='bbox 588 1364 663 1413; x_wconf 81' lang='lat' dir='ltr'>Ad</span> <span class='ocrx_word' id='word_1_73' title='bbox 695 1363 849 1413; x_wconf 84' lang='lat' dir='ltr'>fontes</span> <span class='ocrx_word' id='word_1_74' title='bbox 885 1364 1016 1430; x_wconf 90' lang='lat' dir='ltr'>quod</span> <span class='ocrx_word' id='word_1_75' title='bbox 1048 1366 1232 1423; x_wconf 85' lang='lat' dir='ltr'>attinet,</span> <span class='ocrx_word' id='word_1_76' title='bbox 1268 1380 1380 1416; x_wconf 87' lang='lat' dir='ltr'>suos</span> <span class='ocrx_word' id='word_1_77' title='bbox 1413 1362 1527 1413; x_wconf 87' lang='lat' dir='ltr'>sin-.</span> 
     </span>
     <span class='ocr_line' id='line_1_14' title="bbox 219 1453 1517 1522; baseline -0.003 -16"><span class='ocrx_word' id='word_1_78' title='bbox 219 1456 343 1518; x_wconf 82' lang='lat' dir='ltr'>gulis</span> <span class='ocrx_word' id='word_1_79' title='bbox 368 1454 617 1522; x_wconf 88' lang='lat' dir='ltr'>anteposui</span> <span class='ocrx_word' id='word_1_80' title='bbox 643 1454 873 1521; x_wconf 89' lang='lat' dir='ltr'>partibus,</span> <span class='ocrx_word' id='word_1_81' title='bbox 898 1453 1110 1514; x_wconf 86' lang='lat' dir='ltr'>allegatis</span> <span class='ocrx_word' id='word_1_82' title='bbox 1135 1454 1184 1503; x_wconf 92' lang='lat' dir='ltr'>in</span> <span class='ocrx_word' id='word_1_83' title='bbox 1209 1454 1517 1511; x_wconf 17' lang='lat' dir='ltr'>adnotatione*</span> 
     </span>
     <span class='ocr_line' id='line_1_15' title="bbox 219 1532 1511 1610; baseline -0.004 -13"><span class='ocrx_word' id='word_1_84' title='bbox 219 1545 411 1597; x_wconf 85' lang='lat' dir='ltr'>nonnisi</span> <span class='ocrx_word' id='word_1_85' title='bbox 445 1545 502 1594; x_wconf 91' lang='lat' dir='ltr'>iis</span> <span class='ocrx_word' id='word_1_86' title='bbox 536 1545 674 1604; x_wconf 92' lang='lat' dir='ltr'>locis,</span> <span class='ocrx_word' id='word_1_87' title='bbox 712 1545 792 1610; x_wconf 92' lang='lat' dir='ltr'>qui</span> <span class='ocrx_word' id='word_1_88' title='bbox 826 1544 889 1593; x_wconf 91' lang='lat' dir='ltr'>ad</span> <span class='ocrx_word' id='word_1_89' title='bbox 922 1532 1171 1610; x_wconf 86' lang='lat' dir='ltr'>probanda</span> <span class='ocrx_word' id='word_1_90' title='bbox 1193 1543 1511 1609; x_wconf 88' lang='lat' dir='ltr'>firmandaque</span> 
     </span>
     <span class='ocr_line' id='line_1_16' title="bbox 221 1608 1237 1687; baseline -0.005 0"><span class='ocrx_word' id='word_1_91' title='bbox 221 1637 350 1687; x_wconf 74' lang='lat' dir='ltr'>dieta</span> <span class='ocrx_word' id='word_1_92' title='bbox 382 1634 570 1685; x_wconf 84' lang='lat' dir='ltr'>maximi</span> <span class='ocrx_word' id='word_1_93' title='bbox 605 1642 714 1684; x_wconf 92' lang='lat' dir='ltr'>sunt</span> <span class='ocrx_word' id='word_1_94' title='bbox 746 1634 979 1684; x_wconf 87' lang='lat' dir='ltr'>momenti.</span> <span class='ocrx_word' id='word_1_95' title='bbox 1223 1608 1237 1626; x_wconf 33' lang='grc' dir='ltr'>ἱ</span> 
     </span>
    </p>

    <p class='ocr_par' dir='ltr' id='par_1_5' title="bbox 221 1715 1513 2064">
     <span class='ocr_line' id='line_1_17' title="bbox 357 1715 1511 1790; baseline -0.003 -17"><span class='ocrx_word' id='word_1_96' title='bbox 357 1723 455 1774; x_wconf 91' lang='lat' dir='ltr'>Sed</span> <span class='ocrx_word' id='word_1_97' title='bbox 506 1715 754 1790; x_wconf 80' lang='lat' dir='ltr'>antequam</span> <span class='ocrx_word' id='word_1_98' title='bbox 804 1725 867 1773; x_wconf 88' lang='lat' dir='ltr'>ad</span> <span class='ocrx_word' id='word_1_99' title='bbox 917 1740 1011 1773; x_wconf 91' lang='lat' dir='ltr'>rem</span> <span class='ocrx_word' id='word_1_100' title='bbox 1061 1723 1210 1790; x_wconf 87' lang='lat' dir='ltr'>ipsam</span> <span class='ocrx_word' id='word_1_101' title='bbox 1251 1717 1511 1783; x_wconf 65' lang='lat' dir='ltr'>aggredior,</span> 
     </span>
     <span class='ocr_line' id='line_1_18' title="bbox 221 1808 1513 1881; baseline -0.004 -16"><span class='ocrx_word' id='word_1_102' title='bbox 221 1815 405 1865; x_wconf 87' lang='lat' dir='ltr'>exordii</span> <span class='ocrx_word' id='word_1_103' title='bbox 448 1808 596 1864; x_wconf 88' lang='lat' dir='ltr'>instar</span> <span class='ocrx_word' id='word_1_104' title='bbox 637 1814 927 1881; x_wconf 82' lang='lat' dir='ltr'>praemittere</span> <span class='ocrx_word' id='word_1_105' title='bbox 969 1813 1078 1861; x_wconf 90' lang='lat' dir='ltr'>mihi</span> <span class='ocrx_word' id='word_1_106' title='bbox 1110 1813 1251 1862; x_wconf 91' lang='lat' dir='ltr'>liceat</span> <span class='ocrx_word' id='word_1_107' title='bbox 1285 1811 1513 1878; x_wconf 89' lang='lat' dir='ltr'>quaedam</span> 
     </span>
     <span class='ocr_line' id='line_1_19' title="bbox 223 1902 1512 1972; baseline -0.005 -16"><span class='ocrx_word' id='word_1_108' title='bbox 223 1906 283 1956; x_wconf 88' lang='lat' dir='ltr'>de</span> <span class='ocrx_word' id='word_1_109' title='bbox 310 1904 634 1972; x_wconf 84' lang='lat' dir='ltr'>quaestionum</span> <span class='ocrx_word' id='word_1_110' title='bbox 659 1921 746 1971; x_wconf 89' lang='lat' dir='ltr'>per</span> <span class='ocrx_word' id='word_1_111' title='bbox 769 1910 996 1954; x_wconf 88' lang='lat' dir='ltr'>tormenta</span> <span class='ocrx_word' id='word_1_112' title='bbox 1028 1902 1268 1953; x_wconf 84' lang='lat' dir='ltr'>notione</span> <span class='ocrx_word' id='word_1_113' title='bbox 1303 1918 1512 1952; x_wconf 87' lang='lat' dir='ltr'>earum-</span> 
     </span>
     <span class='ocr_line' id='line_1_20' title="bbox 223 1973 1339 2064; baseline -0.002 -17"><span class='ocrx_word' id='word_1_114' title='bbox 223 2015 332 2064; x_wconf 88' lang='lat' dir='ltr'>que</span> <span class='ocrx_word' id='word_1_115' title='bbox 366 1995 587 2057; x_wconf 85' lang='lat' dir='ltr'>orgine.</span> <span class='ocrx_word' id='word_1_116' title='bbox 623 2022 690 2033; x_wconf 91' lang='lat'>—-</span> <span class='ocrx_word' id='word_1_117' title='bbox 1328 1973 1339 1984; x_wconf 35' lang='grc' dir='ltr'><strong><em>ι</em></strong></span> 
     </span>
    </p>
   </div>
  </div>
 </body>
</html>
