1721 2821
643 264 926 309 -29-

147 385 405 426 dulteriis
434 385 778 433 coercendis,
825 385 882 423 de
912 385 1217 436 majestate,
1272 383 1338 422 cle
1369 387 1421 424 vi

147 465 387 516 publiea,
418 466 479 505 de
509 466 748 515 publicis
770 458 1001 515 judiciis
1025 465 1080 515 ¹).
1139 464 1236 504 Lex
1266 464 1424 505 Aelia

147 543 338 584 Sentia
378 557 546 597 quoque
576 547 661 584 hue
692 545 902 595 pertinet,
947 544 1023 583 sed
1055 556 1164 593 quae
1194 547 1321 585 affert
1348 558 1424 586 no·

148 623 297 662 bis'de
327 626 576 673 quaestione
605 634 707 662 sane
736 623 913 661 levioris
938 628 1036 662 sunt
1061 625 1266 662 momenti
1288 625 1347 671 ²).

261 706 301 742 b.
331 702 616 749 SCtorum‚
662 713 793 751 ‘quum
834 702 1036 742 nonnulla
1079 702 1135 740 de
1165 704 1424 751 quaestioni-

149 784 226 826 bus
255 783 371 823 facta
400 762 508 830 sint,
552 774 670 820 nihil*
689 784 829 821 tamen
859 780 953 821 fere
984 785 1150 830 exstat,
1196 783 1278 821 nisi
1309 786 1424 833 quod

147 864 191 903 in
216 866 283 905 tit.
303 863 358 904 D.
390 863 459 903 De
489 860 608 902 SCto
639 861 770 901 Silan.
819 861 1012 911 (XXIX.
1044 862 1107 912 5.)
1140 868 1185 902 et
1221 864 1265 903 in
1296 863 1425 904 Pauli

147 954 236 982 ree.
265 947 374 982 sent.
404 943 458 981 acl
489 943 549 982 id.
572 940 731 981 SCtum
753 945 995 992 expositum
1026 947 1105 982 est.
1163 942 1310 993 Atque
1340 945 1425 983 hue

149 1022 320 1072 quidem
351 1023 536 1072 quinque
567 1022 784 1072 pertinent
811 1021 949 1061 scta:

189 1109 193 1111 ’
262 1101 302 1147 1)
346 1099 538 1155 SCtum
592 1101 922 1140 Silanianum
953 1101 1024 1157 ³),
1065 1103 1163 1140 ›sub
1210 1100 1427 1151 Augusto,

147 1194 259 1220 anno
289 1180 342 1221 U.
375 1178 478 1226 763,
510 1178 609 1220 Chr.
629 1193 692 1226 n.‚
727 1178 799 1227 10,
835 1179 953 1219 Coss.
983 1179 1034 1219 P.
1066 1179 1270 1221 Cornelio
1294 1181 1426 1222 Dola-

152 1262 287 1307 bella,
319 1265 365 1299 et
398 1261 526 1300 Junio
558 1260 706 1299 Silano
738 1259 911 1298 factum.

266 1340 313 1390 2)
345 1339 534 1381 SCtum
556 1337 599 1388 ⁴)
644 1341 722 1383 sul)
759 1320 987 1387 Augusto,
1033 1353 1142 1379 anno
1179 1339 1276 1381 764.
1308 1340 1426 1382 Coss.

152 1420 205 1461 T.
237 1420 410 1460 Statilio
441 1418 609 1466 Tauro,
657 1423 703 1457 et
732 1417 793 1457 M.
825 1419 1013 1458 Aemilio
1046 1418 1216 1470 Lepido
1254 1421 1427 1462 factum.

268 1499 311 1547 3)
343 1498 528 1550 SCtum
560 1498 902 1538 Claudianum
926 1500 993 1546 ⁵),
1027 1503 1106 1538 sub
1132 1499 1312 1540 Claudio
1329 1503 1427 1553 imp.

152 1581 255 1621 fact.
316 1580 425 1620 Sunt
456 1585 620 1626 tamen,
660 1579 733 1628 qui
769 1578 815 1616 id
845 1576 1007 1617 Neroni
1043 1580 1234 1619 tribuere
1266 1582 1428 1631 malint,

152 1661 279 1700 nullis
310 1664 451 1698 antem
482 1659 628 1708 adjuti,
648 1659 847 1706 gravibus
881 1661 1155 1707 argumentis.
1214 1658 1431 1719 Neronem

152 1744 286 1787 enim,
317 1741 457 1790 ajunt,
507 1750 564 1776 ex
608 1737 839 1786 adoptione
871 1735 1098 1777 Claudium
1129 1750 1224 1778 esse
1254 1740 1430 1789 factum,

154 1826 282 1871 atque
313 1821 448 1870 ipsius
479 1816 663 1857 Neronis
692 1820 885 1866 tempore
916 1815 1075 1857 SCtum
1106 1819 1285 1867 editum,
1316 1821 1430 1870 quod

153 1905 198 1941 in
228 1899 313 1940 1.8.
346 1900 400 1938 D.
433 1899 500 1938 De
531 1896 667 1937 SCto.
700 1896 835 1955 Silan.
896 1895 1199 1966 Neronianum!
1225 1903 1271 1939 et
1306 1900 1431 1941 Piso-

142 2020 148 2025 ’
178 2047 215 2091 1)
237 2042 308 2080 Tit.
330 2042 377 2079 D.
414 2039 460 2077 ad
492 2038 563 2089 leg.
586 2038 656 2077 Jul.
681 2038 727 2077 «10
762 2039 872 2078 adult.
903 2040 978 2086 (48,
1002 2041 1075 2084 5.);
1113 2041 1165 2078 tir.
1200 2040 1246 2079 D.
1281 2040 1327 2078 aa
1360 2041 1433 2080 Jul.

243 2099 324 2146 maj.
355 2098 439 2143 (48,
461 2098 511 2141 4).
557 2096 653 2134 Paul.
690 2110 763 2134 ree.
804 2110 834 2135 s.
857 2096 919 2135 lib.
945 2096 997 2140 V,
1033 2098 1148 2134 tit.29.
1185 2097 1230 2134 ad
1269 2096 1339 2147 leg.
1362 2097 1434 2135 Jul.

243 2156 324 2204 maj.
351 2152 422 2191 Tit.
444 2153 490 2190 D.
504 2152 549 2189 ad
571 2152 640 2204 leg.
663 2152 732 2190 Jul.
757 2152 803 2190 de
826 2154 863 2190 vi
886 2151 985 2204 publ.
1010 2154 1079 2199 (48,
1093 2155 1148 2200 6).
1193 2152 1291 2191 Paul.
1314 2153 1360 2200 V,
1377 2156 1435 2191 26.

176 2225 218 2270 2)
243 2222 321 2271 Gaj.
343 2221 371 2265 I,
397 2222 450 2259 13.
474 2220 558 2273 Ulp.
582 2221 624 2259 fr.
647 2220 681 2267 I,
707 2223 761 2259 11.

176 2294 214 2339 3)
233 2290 304 2328 Tit.
327 2289 373 2327 D.
415 2288 461 2326 ad
484 2288 569 2327 SCt.
600 2287 684 2327 Sil.'
708 2291 780 2335 (29.
802 2292 860 2333 5.).
907 2288 1006 2326 Paul.
1031 2302 1059 2326 s.
1084 2302 1111 2325 r.
1135 2287 1196 2325 III.
1218 2290 1252 2325 5.
1297 2287 1355 2330 Cf.
1378 2288 1435 2328 Jo.

243 2347 345 2397 Iguei
366 2345 506 2383 Comm.
529 2346 567 2382 in
597 2347 650 2383 tit.
673 2346 719 2383 D.
742 2345 801 2382 De
825 2344 936 2383 Silan.
970 2352 1009 2390 et
1028 2344 1211 2383 Claudiau.
1235 2344 1335 2383 SCto
1364 2344 1435 2383 Lu-

246 2403 351 2455 gduu.
372 2404 473 2441 1539.

176 2475 218 2520 4)
242 2471 300 2512 Cf.
322 2470 346 2508 l.
364 2471 417 2507 13.
432 2462 488 2507 ¹D.
515 2470 575 2508 De
599 2469 698 2508 scto
723 2468 789 2507 Sil.

177 2542 219 2587 5)
244 2539 303 2579 Cf.
324 2540 377 2577 tit.
399 2538 481 2590 Dig.
504 2538 564 2577 De
586 2538 684 2577 SCto
709 2537 773 2576 Sil.
