1721 2821
761 211 1049 261 -76-'

243 342 393 382 finitae
412 338 475 378 «et
506 339 770 379 constitutae
799 348 898 378 esse
932 338 1151 397 videntur.
1197 336 1334 389 Cujus
1367 339 1540 388 quidem

244 421 410 473 triplex
422 440 425 443 ,
437 420 482 460 in
499 419 705 460 fontibus
738 422 886 462 exstat
912 420 1208 469 argumentum
1222 432 1233 458 ε

307 501 345 540 1.
390 479 479 547 ut,v
510 501 570 539 si
599 501 721 549 quis
750 513 776 539 a
814 501 932 539 suis
968 499 1150 538 servis
1188 499 1545 541 interfectus

362 582 457 630 sit,
501 581 543 620 ii
589 591 842 632 quoque,-
883 581 975 630 qui
1013 581 1340 620 testamen-to
1370 591 1540 620 manu-

361 662 518 701 missi
547 664 646 700 sub
677 661 869 699 eodem
899 663 1058 701 tect¹o
1086 660 1438 707 mansissent,
1466 662 1542 700 in-

361 745 445 783 ter
473 751 681 780 ser-vos
709 740 993 791 supplic-ia
1022 735 1310 791 patiantur.
1330 737 1432 791 ¹⁸¹)

332 819 487 869 Neque
505 822 591 860 hoc
620 824 764 860 tamen
794 821 850 859 ud
880 831 957 859 eos
986 831 1157 869 quoque
1177 820 1438 870 pertinebat,
1468 820 1544 869 qui

247 895 347 941 vivo
382 896 626 941 manumissi
663 904 788 941 erant
816 902 1042 940 testatore.
1071 898 1166 952 ²⁸2)
1223 898 1543 950 Illos-quidem
1578 917 1592 942 x

246 986 349 1023 ante
379 984 464 1022 hoc
495 980 659 1023 sctum
704 985 794 1020 tum
841 985 1006 1021 tantum
1050 981 1245 1029 torqueri
1275 981 1462 1029 licebat,
1506 982 1544 1019 si

247 1065 382 1113 ipsius
410 1062 594 1102 sceleris
624 1065 828 1101 auctores
865 1063 941 1099 aut
983 1059 1243 1110 participes,
1291 1062 1541 1111 consciique

247 1144 436 1190 fuerant,
466 1154 609 1191 neque
640 1152 747 1180 vero
776 1139 957 1191 propter
985 1139 1296 1187 negligentiam
1326 1141 1369 1180 in
1386 1141 1539 1181 defen-

248 1223 393 1261 dendo
423 1222 612 1261 domino.

306 1301 348 1342 2.
377 1305 434 1341 nt
464 1303 658 1341 occisa
696 1311 870 1340 uxore
902 1299 1065 1338 etiam
1094 1300 1159 1338 de
1187 1300 1297 1339 viri
1327 1300 1543 1341 familia

365 1383 628 1432 quaestio
659 1382 960 1427 habeatur,
990 1379 1239 1429 idemque
1271 1382 1392 1421 utin
1415 1393 1540 1421 uxo·

362 1462 443 1501 ris
479 1462 693 1500 familia
729 1462 1086 1511 observetur,
1122 1461 1169 1499 si
1204 1461 1285 1499 vir
1322 1461 1544 1500 dicatur

364 1543 595 1582 occisus.
620 1537 716 1592 ΜΗ’)
1344 1521 1349 1525 ⁸

336 1621 604 1671 Quamquam
635 1621 748 1659 enim
779 1630 920 1668 neque
960 1619 1045 1658 viri
1082 1620 1197 1659 servi
1227 1621 1402 1670 proprie
1431 1632 1540 1660 uxo-

247 1702 309 1741 ris
339 1702 552 1747 dicantur,
583 1712 723 1749 neque
753 1700 902 1739 uxoris
931 1701 1107 1750 proprie
1130 1700 1227 1748 viri,
1252 1703 1411 1751 tamen,
1442 1704 1543 1751 quia

249 1782 487 1820 commixta
516 1779 679 1819 familia
716 1781 795 1828 sit,
832 1784 963 1830 atque
993 1792 1077 1819 una
1104 1779 1279 1832 domus,
1309 1781 1371 1821 ita
1399 1782 1541 1821 vindi-

249 1862 450 1908 candum,
494 1864 625 1910 atque
676 1861 719 1900 in
765 1861 954 1911 propriis
997 1862 1158 1911 servis,
1204 1859 1391 1900 Senatus
1439 1874 1541 1901 cen·

246 1943 345 1981 suit.
382 1938 481 1989 ²³⁴)

305 2019 346 2061 3.
390 2026 469 2069 ut,
506 2022 552 2061 si
580 2033 794 2073 poenae
827 2021 1090 2084 obnoxius
1126 2031 1331 2060 servus
1362 2022 1540 2060 venis-

360 2105 480 2150 set,
510 2101 841 2151 quandoque
872 2100 1305 2140 animadversum
1337 2102 1392 2139 in
1422 2113 1541 2140 eum

248 2243 447 2337 131)DTac.
457 2243 571 2338 d‘Arum
599 2243 698 2281 XIII.
729 2244 794 2302 323
840 2240 943 2279 Paul.
965 2254 1048 2288 s.·r.
1070 2240 1095 2282 l.
1119 2242 1143 2281 l.
1173 2244 1204 2289 §-
1227 2242 1268 2287 6;
1314 2241 1340 2282 1.
1361 2242 1397 2281 3.
1428 2245 1462 2287 S.
1486 2243 1540 2280 16.

376 2329 384 2338 .
409 2312 454 2337 eo

248 2369 329 2414 132)
353 2368 437 2405 Tae.
462 2358 589 2405 Annal.
614 2367 713 2406 XIV.
739 2381 769 2406 c.
794 2368 849 2405 42.
873 2368 929 2404 45.

247 2438 333 2482 133)
357 2435 458 2475 Paul.
481 2435 505 2474 l.
529 2435 555 2474 l.
581 2437 613 2484 §-
636 2439 680 2480 53
704 2436 729 2474 l.
752 2436 776 2474 l.
802 2436 834 2484 §.
861 2438 916 2474 15.
941 2434 990 2474 D.
1010 2434 1097 2474 eod.

247 2506 328 2551 134)
352 2503 375 2543 1.
401 2507 433 2542 1.
457 2505 492 2551 §.
516 2507 569 2544 15.
594 2504 644 2541 D.
669 2504 751 2542 eod.
