1721 2821
778 248 1066 290 ...70-

281 365 552 416 reipublicae
601 368 800 418 tempore
841 366 1009 415 habita,
1055 364 1172 435 guod
1216 366 1341 417 patet
1376 374 1433 404 ex
1470 363 1502 404 1.
1540 362 1579 404 1.
1660 395 1663 398 .

286 457 352 498 pr.
384 445 438 489 D.
470 447 513 487 h.
544 448 590 486 t..

347 524 531 575 „Quum
568 526 697 567 aliter
735 527 855 568 nulla
885 528 1033 567 domus
1060 529 1165 567 tuta?
1177 535 1273 566 esse
1308 528 1472 577 possit,
1499 526 1584 566 nlsi

348 607 547 657 periculo
577 607 731 657 capitis
762 607 830 647 sui
861 608 1098 648 custodiam
1129 606 1325 654 dominis,
1351 609 1436 646 tam
1456 619 1482 645 a
1503 606 1581 645 do-
1651 640 1652 643 ,

284 671 293 674 „
347 687 562 733 mesticis,
596 698 721 737 quam
760 690 815 727 ab
850 688 1082 735 extraneis,
1111 690 1330 738 praestare
1359 687 1476 725 servi
1507 698 1581 725 co-

348 745 534 817 gantur,
576 767 678 808 ideo
719 767 840 810 SCta
880 767 1127 810 introducta
1167 772 1265 808 sunt
1313 766 1370 806 de
1408 766 1584 819 publica

348 848 599 898 quaestione
630 862 656 888 a
685 849 848 888 familia
877 855 1127 892 necatorum
1157 846 1397 891 habenda,“

407 926 618 968 Domini
656 931 949 980 appellatione
989 943 1073 970 non
1119 906 1459 981 patresfamilias*
1489 929 1584 966 tan-

291 1010 399 1056 tum,
429 1008 506 1047 sed
536 1019 682 1048 omnes
714 1021 885 1061 quoque
908 1012 1003 1062 ejus
1031 1010 1174 1057 liberi,
1203 995 1251 1048 et
1279 1007 1513 1055 naturales,
1538 1010 1586 1047 et

291 1088 508 1137 adoptivi,
549 1092 597 1126 et
632 1089 924 1136 filiifamilias,
968 1093 1015 1128 et
1058 1088 1316 1138 emancipati
1362 1087 1586 1126 contineu-
1650 1116 1652 1118 v

292 1170 366 1208 tur
385 1164 497 1221 ιθἿ).
527 1166 810 1211 Servorum
840 1170 941 1209 loco
970 1173 1070 1210 sunt
1094 1168 1224 1209 etiam
1253 1168 1309 1217 ii,
1343 1166 1416 1217 qni
1445 1166 1490 1212 in
1518 1168 1588 1206 te·

291 1253 505 1289 stamento
540 1261 650 1300 pure
682 1250 822 1299 legati
859 1255 960 1291 sunt
999 1254 1075 1290 aut
1117 1249 1358 1290 manumissi
1385 1246 1512 1295 ¹⁰⁸),
1551 1247 1590 1286 si

294 1332 397 1372 ante
437 1329 600 1372 aditam
644 1330 932 1373 hereditatem
974 1331 1102 1372 heres
1143 1332 1314 1371 occisus
1353 1331 1447 1377 est,
1494 1340 1590 1368 nam

295 1421 426 1462 quum
471 1410 733 1458 decesserit,
783 1411 933 1459 legata
973 1415 1020 1450 et
1059 1411 1405 1451 manumissiones
1444 1409 1588 1447 extin-

296 1493 395 1531 ctae
425 1492 547 1539 sunt3
576 1494 805 1542 praeterea
826 1492 973 1540 etiam,
1003 1493 1076 1542 qui
1095 1493 1175 1532 sub
1198 1490 1449 1530 conditione
1468 1488 1589 1539 lega-

297 1573 370 1610 tus
399 1573 474 1613 aut
496 1574 774 1611 manumissus
805 1575 886 1620 est,
915 1572 1080 1611 herede
1109 1575 1208 1612 ante
1243 1570 1462 1620 impletam
1490 1581 1592 1607 con-

298 1649 507 1693 ditionem
530 1656 688 1695 necato
717 1654 909 1704 torqueri
941 1655 1100 1704 potest,
1132 1653 1232 1703 quia
1258 1651 1430 1691 interim
1458 1649 1593 1701 ipsius

303 1729 511 1780 est⁸⁰⁹)‚
553 1733 625 1773 cui
660 1737 804 1773 autem
841 1745 949 1784 pure
984 1734 1162 1773 libertas
1204 1733 1388 1771 delfetur
1416 1732 1507 1769 sive
1536 1741 1595 1768 ex

300 1811 657 1860 fideicommisso9
694 1814 786 1852 sive
825 1826 885 1852 ex
920 1817 1203 1864 testamento,
1244 1813 1282 1851 is
1312 1814 1402 1850 tum
1430 1812 1592 1849 tantum

300 1891 569 1940 torquendus
610 1897 707 1943 est,
749 1894 787 1932 si
833 1893 1013 1932 sceleris
1060 1895 1212 1933 auctor
1251 1893 1327 1931 aut
1373 1890 1595 1941 particeps

300 1974 394 2011 erat
414 1970 529 2022 ιι0).
591 1969 794 2014 Ceterum
835 1973 1013 2024 praeter
1051 1973 1211 2014 domini
1247 1971 1391 2012 necati
1432 1979 1596 2017 servos,

301 2051 382 2092 filii
418 2052 550 2092 etiam
590 2064 650 2093 ex
671 2053 849 2106 peculio
899 2056 1105 2094 castrensi
1142 2053 1355 2104 mancipia
1403 2048 1598 2099 torqueri

298 2132 465 2173 licebat
484 2133 607 2185 ⁸²¹),
648 2134 686 2172 si
726 2134 899 2184 quidem
936 2135 981 2174 in
1011 2135 1162 2173 eadem
1200 2132 1470 2173 fortedomo
1501 2140 1598 2168 cum

299 2218 423 2266 patre
464 2215 578 2255 filius
606 2196 841 2256 habitabat.
898 2213 951 2254 In
989 2216 1231 2270 universum
1261 2216 1347 2254 hoc
1376 2223 1436 2254 ex
1476 2206 1598 2251 SCto

301 2313 383 2358 107)
405 2311 512 2352 cm.
536 2315 569 2353 1.
593 2314 611 2359 §
633 2313 658 2352 7
679 2332 725 2341 -
747 2312 769 2363 §
790 2314 825 2354 9.
847 2311 896 2354 D.
918 2311 955 2353 h.
978 2318 1005 2354 t,

301 2370 388 2416 108)
412 2368 437 2408 l.
463 2372 494 2409 1.
522 2370 544 2417 §
573 2371 627 2409 13.
652 2369 734 2409 eod.

302 2426 384 2470 109)
407 2425 432 2463 l.
458 2428 489 2465 1.
514 2429 532 2472 §
556 2431 590 2464 4.
614 2426 662 2468 D.
686 2426 770 2466 eod.

301 2483 383 2527 110)
406 2480 431 2521 l.
458 2484 489 2520 1.
513 2482 534 2529 §
558 2484 594 2520 5.
621 2483 668 2522 D.
693 2483 778 2523 eod.

300 2544 383 2591 111)
405 2542 430 2585 l·
456 2544 488 2584 1.
511 2543 533 2591 §
559 2546 615 2583 14.
637 2545 684 2584 D.
709 2544 792 2585 eod.
