1721 2821
759 193 1045 235 ..28-

255 313 566 351 tormentorum
598 321 759 360 genera
790 315 1249 370 commemorantur.—
1304 314 1431 355 Haec
1445 315 1539 355 rere

257 395 356 438 sunt
385 403 437 429 ea
455 418 468 437 ,
491 390 654 439 >quibus
684 392 995 441 antiquioribus
1018 394 1282 441 temporibus
1310 399 1540 438 utebantur

200 496 206 501 -
256 469 468 517 Romani,
497 473 724 511 tormenta.
768 470 929 512 Postea
947 484 1065 520 vero,
1081 474 1385 523 imperatorum
1414 487 1539 523 aevo,

254 552 471 590 hominum
502 550 557 587 ad
588 550 760 589 dolores
783 553 1033 590 efficiendos
1064 545 1347 598 ingeniositas
1378 558 1423 593 et
1450 555 1537 594 sol-

253 631 382 669 iertia
412 631 633 668 innumera
662 630 829 669 invenit
858 634 1081 677 tormenta,
1113 643 1222 680 quae
1246 632 1419 680 quidem
1452 646 1537 674 non

252 711 389 751 solum
434 710 478 747 in
519 708 702 758 judiciis
745 708 800 748 ad
832 710 1066 758 eruendum
1096 723 1243 750 verum
1276 717 1320 752 et
1351 713 1540 763 implen-

253 791 350 836 dam
380 790 702 841 probationem,
752 790 833 828 sed
871 791 927 830 ad
961 791 1189 832 Christiani
1228 793 1371 832 cultus
1400 794 1533 844 inpri-

252 872 347 911 mis
385 872 624 909 sectatores
666 872 989 920 persequendos
1035 874 1355 914 adhibebantur.
1445 872 1536 913 Sed
1587 874 1591 878 ’

251 951 307 990 de
337 952 404 989 his
433 960 510 988 suo
540 949 655 988 loco.

248 1224 308 1274 II.
378 1224 453 1271 De
499 1221 784 1287 quaestIOnis
829 1239 917 1270 usu
961 1220 1019 1269 ab
1055 1220 1264 1279 Augusto
1300 1221 1409 1272 inde
1447 1224 1530 1272 im·
1603 1247 1605 1250 ’

292 1307 294 1309 ’
382 1291 599 1378 peratore
636 1329 782 1377 usque
818 1312 881 1360 ad
913 1310 1165 1360 ,Iustiniani
1198 1318 1395 1378 tempus.

599 1412 853 1477 CAPUT
888 1434 1184 1476 PRIMUM.

702 1538 779 1579 De
821 1538 1076 1578 fontibus.

829 1650 875 1705 5.
909 1652 948 1692 7.

359 1744 501 1795 Ipsius
531 1746 792 1794 quaestionis
805 1757 904 1785 usus
925 1756 1052 1795 quum
1080 1746 1369 1785 increbruerit
1397 1750 1528 1796 atque

244 1826 495 1877 ampliorem
532 1828 769 1865 obtinuerit
815 1827 936 1876 quasi
965 1826 1253 1876 provinciam,
1301 1826 1528 1874 legibus,

236 1907 361 1959 jure
392 1906 675 1945 honorario
706 1908 752 1943 et
792 1906 1114 1956 prudentum
1151 1906 1426 1955 responsis
1453 1918 1526 1951 ae-

244 1988 434 2026 curatius
466 1987 723 2027 constitutus
744 1989 812 2025 est
835 1992 880 2026 et
910 1988 1176 2025 terminatus.
1238 1985 1527 2031 Quamobrem

241 2068 344 2106 satis
374 2068 499 2106 uberi
528 2067 725 2116 largique
759 2071 857 2105 sunt
886 2066 1054 2114 fontes,
1109 2079 1166 2105 ex
1206 2067 1359 2116 quibus
1387 2070 1526 2104 tortu-

242 2159 313 2185 rae
344 2140 588 2186 hauriamus
604 2148 838 2186 historiam.
898 2146 989 2186 Jam
1016 2147 1070 2185 de
1087 2147 1266 2197 singulis
1292 2146 1524 2185 videamus.

352 2226 391 2267 1.
423 2240 461 2266 a.
492 2225 666 2276 Leges
706 2240 763 2267 ex
797 2228 883 2266 hoc
913 2231 1107 2277 tempore
1137 2203 1333 2277 integrae
1364 2226 1417 2265 ad
1449 2237 1524 2264 no-

239 2311 368 2345 stram
398 2311 585 2348 aetatem
629 2321 714 2347 non
757 2313 1072 2358 pervenerunt,
1126 2319 1378 2357 quamquam
1419 2317 1523 2344 non-

240 2387 379 2427 nullas
440 2386 640 2439 Augusto
691 2389 950 2438 imperatore
1006 2389 1114 2427 latas
1162 2399 1258 2427 esse
1321 2386 1524 2446 legimus,

239 2477 346 2518 quae
378 2470 673 2519 quaestionem
705 2471 963 2518 attigerunt,
1008 2472 1056 2508 ut
1095 2468 1172 2508 lex
1200 2467 1347 2508 Julia
1385 2463 1447 2504 de
1477 2477 1523 2504 a-

1244 2611 1261 2641 Ι
