1721 2821
766 231 941 276 ,-”68
999 260 1055 268 .-

375 351 626 395 ,Hactenus
664 352 719 392 (le
761 363 931 392 reorum
973 353 1239 402 quaestione.
1305 352 1559 404 Priusquam

269 437 412 475 autem
447 434 503 473 ad
539 434 715 474 testium
756 433 975 483 pergimus
1012 436 1253 479 tormenta,
1283 426 1560 485 interponere

266 516 404 555 liceat
431 514 638 555 nonnulla
666 513 722 553 de
752 513 1037 563 singularibus
1066 512 1319 563 quibusdam
1339 515 1555 563 quaestio-

268 596 336 637 nis
365 578 525 639 usibus¹
542 596 588 633 et
614 592 974 644 usurpationibus,
1004 596 1114 643 qua'e
1144 600 1285 643 neque
1298 593 1361 632 >ad
1387 599 1563 633 reorum·

269 688 411 727 neque
439 660 497 713 ad*
523 674 700 713 testium
729 675 906 723 proprie
935 673 1402 724 pertinenttorturam.
1424 681 1440 689 ·“

373 846 448 897 De
484 842 757 913 quaestione
790 842 839 892 in
875 850 1170 906 accusatores
1204 841 1377 903 habita,
1414 850 1457 892 et

612 934 671 995 de
691 941 946 1012 nautarum
979 933 1234 983 tormentis.

842 1009 988 1064 §.14.
1129 1012 1135 1016 ⁴

384 1104 631 1147 Peculiaris
664 1114 767 1143 sane
800 1088 1110 1143 tormentorum
1140 1114 1241 1143 usus
1269 1104 1452 1150 invaluit
1479 1104 1556 1144 ad-

266 1196 419 1229 'versus
448 1173 744 1225 accusatorem
774 1187 822 1224 et
849 1167 1167 1234 instigatorem,
1207 1184 1282 1234 qui
1311 1185 1484 1233 quidem
1513 1187 1558 1224 in

270 1267 449 1308 crimine
489 1264 741 1316 majestatis,
782 1264 822 1303 si
860 1243 1178 1316 accusationem
1215 1264 1343 1315 plene
1374 1248 1556 1315 probare
1614 1276 1618 1278 ·

268 1351 316 1389 et
350 1346 601 1386 confirmare
635 1357 721 1384 non
757 1346 979 1394 poterant,
1026 1343 1183 1383 eculeo
1218 1345 1557 1394 imponebantur.

269 1427 402 1476 Quod
437 1428 582 1465 tamen
611 1424 781 1464 nonnisi
815 1424 982 1473 poenae
1011 1433 1138 1463 causa
1177 1414 1452 1464 constitutum
1489 1429 1554 1466 at-

267 1519 352 1559 que
382 1516 441 1545 ex
468 1504 642 1544 talionis
670 1503 885 1554 principio
915 1506 1114 1542 exortum
1143 1513 1239 1541 esse
1273 1486 1469 1555 videtur,
1502 1517 1554 1543 ne

261 1589 362 1639 quis
400 1590 567 1626 temere
604 1583 678 1624 vel
716 1595 796 1634 per
826 1582 1077 1622 calumniam
1118 1583 1306 1622 criminis
1335 1590 1557 1625 accusaret

266 1669 455 1717 aliquem
495 1664 613 1715 ejus»,
654 1665 698 1702 in
737 1674 823 1712 quo
861 1662 1155 1715 perquirendo
1197 1673 1343 1702 omnes
1387 1647 1555 1709 omnino

267 1738 492 1788 tormentis
519 1747 641 1783 erant
671 1743 861 1794 expositi
883 1739 1000 1791 ²⁶²).

383 1825 520 1875 Alius*
546 1823 776 1874 singularis
813 1824 1077 1881 quaestionis
1105 1834 1216 1880 -usus
1253 1824 1444 1871 exstitit,
1482 1825 1555 1863 ubi

265 1907 387 1948 navis
414 1905 623 1954 fiuctibus
656 1905 752 1954 erat
787 1905 1018 1942 submersa.
1069 1900 1195 1944 Tunc
1225 1904 1336 1941 enim
1368 1903 1453 1942 duo
1483 1889 1566 1942 vel'

264 1994 356 2028 tres
383 1984 694 2034 torquebantur
721 1966 892 2029 nautae,
923 1987 971 2021 ut
1001 1992 1168 2021 causam
1191 1982 1402 2035 naufragii
1424 1988 1567 2035 atque,

179 2106 183 2109 .
263 2068 400 2135 ipsius
426 2065 491 2104 rei
521 2063 713 2103 ordinem
743 2065 964 2102 narrarent
993 2065 1040 2102 et
1064 2064 1273 2104 rationem
1291 2062 1408 2112 ¹⁰³).

353 2162 467 2201 vincti
489 2162 572 2205 sint,
596 2158 817 2212 quibusque
824 2160 988 2212 stigmata
1009 2160 1182 2213 inscripta
1200 2160 1284 2212 sint,
1307 2159 1402 2199 deve
1420 2154 1552 2213 quibus

354 2220 403 2258 ob
434 2230 565 2257 noxam
594 2218 760 2268 quaestio
790 2218 980 2254 tormentis
1009 2216 1128 2254 habita
1157 2217 1222 2262 sit,
1259 2224 1297 2255 et
1324 2219 1363 2255 in
1393 2233 1434 2257 ea
1458 2233 1551 2257 noxa

351 2276 468 2314 fuisse
482 2273 639 2310 convicti
660 2273 745 2318 sint,
771 2303 791 2312 ..
794 2296 860 2312 .....
884 2279 924 2311 et
943 2279 1075 2325 postea
1096 2272 1157 2311 vel
1180 2273 1225 2310 ab
1248 2273 1381 2311 eodem
1393 2274 1551 2321 domino,

307 2328 322 2358 s
352 2329 416 2372 vel
431 2329 490 2368 ‘ab
520 2327 592 2371 alio
621 2331 850 2376 manumissi3
882 2329 1048 2379 ejusdem
1076 2328 1426 2380 conditionisjiberi
1453 2330 1550 2378 fiant,

354 2388 456 2436 cujus
481 2385 700 2424 conditionis
722 2394 807 2424 sunt
828 2387 1012 2439 peregrini
1034 2385 1199 2425 dedititii.
1222 2386 1280 2426 Cf.
1291 2385 1376 2439 Ulp.
1399 2386 1429 2425 1.
1450 2390 1468 2434 5
1495 2391 1548 2426 11.

262 2446 351 2491 102)
372 2443 398 2481 l.
420 2444 454 2481 3.
478 2440 523 2481 C.
544 2440 591 2479 ad
613 2441 685 2492 leg.
708 2442 778 2480 Jul.
801 2443 882 2493 Mai.
907 2443 991 2490 (lx.
1021 2444 1076 2488 8.)
1098 2442 1123 2480 l.
1147 2455 1207 2481 uu.
1233 2442 1288 2480 C..
1302 2441 1443 2481 Theoi.
1466 2444 1549 2483 eod.

262 2503 345 2549 103)
367 2499 392 2539 l.
413 2496 506 2539 3.c.
527 2498 588 2537 De
610 2496 766 2550 naufrag.
788 2498 854 2540 xl.
875 2501 918 2544 53
941 2497 965 2537 l.
988 2500 1021 2537 2
1044 2500 1079 2538 3.
1103 2497 1228 2539 C.Th.
1252 2498 1335 2538 cod.
1353 2498 1452 2538 XIII.
1471 2502 1505 2540 9.
