1721 2821
741 237 800 245 -
858 212 1031 254 78,-

438 360 498 411 Β.
568 351 651 412 D'e
685 360 916 411 testium
960 359 1323 426 quaestione.

478 478 519 520 1.
577 479 654 520 De
684 491 956 541 servorum
994 481 1293 523 tormentis.

807 568 854 622 5.
896 570 979 610 16.’

304 683 307 688 .
358 648 590 694 Ser-vorum
610 652 784 692 testium
800 654 1088 701 quaestiones,
1119 662 1247 701 quum
1270 651 1412 703 mag-ni
1428 662 1531 693 sane

243 731 405 771 fuerint
433 732 652 779 momenti,
668 733 882 783 ,quoniam
904 733 1168 772 dominorum
1196 732 1432 772 aliorumve
1461 734 1548 773 ino--

243 821 479 862 genuorum
507 811 624 851 salus
639 812 800 852 exinde
817 813 1049 863 penderet,
1080 813 1211 853 certis
1239 813 1428 863 satisque
1456 818 1531 852 ιη’-

244 892 563 941 gustis..finibns
601 893 958 943 circumscriptae
996 896 1097 933 sunt
1130 896 1261 943 atque
1292 894 1529 933 coercitae.

243 971 448 1013 Attamen·
478 973 550 1012 hic
580 984 752 1022 quoque
784 973 1070 1012 crudelissimi
1100 974 1271 1022 quidam
1300 974 1531 1024 imperato-

242 1063 329 1100 res,
364 1053 473 1093 nulli
501 1054 849 1103 obtemperantes
878 1053 994 1101 legi,
1037 1063 1096 1092 ex
1131 1055 1330 1103 ipsorum
1350 1055 1530 1094 arbitrio

242 1135 296 1172 ad
336 1133 765 1181 testimonia-servos
801 1133 1033 1181 illegitima
1068 1136 1313 1183 rapuerunt.
1366 1133 1530 1179 Quam-

241 1217 390 1254 obrem
419 1215 473 1252 ab
502 1213 701 1252 omnibus
715 1212 808 1251 fere
820 1213 1073 1253 'melioribus
1099 1213 1441 1262 imperatoribus·
1458 1225 1531 1252 re·
1567 1256 1572 1262 ,

241 1295 430 1343 scripta,
463 1293 668 1341 decreta,
711 1293 922 1342 epistolae
953 1295 1127 1331 exstant
1154 1293 1339 1339 multae,
1365 1293 1532 1341 ¹quibus

242 1377 356 1415 ratio
386 1374 693 1413 tormentorum
711 1374 759 1412 et
787 1372 939 1416 modus
969 1372 1260 1422 praescriptus
1280 1376 1357 1419 est,
1375 1375 1423 1411 et
1452 1372 1531 1411 de-

239 1456 399 1496 finitus.

268 1562 272 1564 -
316 1543 321 1549 '
356 1534 606 1584 Jamsupra
637 1534 804 1581 monui,
845 1533 956 1573 hanc
986 1538 1207 1572 servorum
1238 1532 1531 1582 quaestionem

241 1616 429 1656 medium
460 1613 603 1655 fuisse
642 1616 786 1664 potius
826 1612 1009 1651 eruendi
1039 1612 1161 1659 veri,
1221 1623 1344 1662 quam
1377 1613 1531 1652 confir·

241 1696 390 1737 mandi*
411 1695 663 1744 testimonii,
696 1706 822 1742 quum
853 1695 1118 1732 servitestes
1131 1703 1227 1732 esse
1257 1693 1434 1743 proprie
1446 1705 1533 1732 nou

240 1776 498 1827 potuissent.
557 1774 709 1822 Itaque
749 1774 876 1823 hujus
920 1784 1090 1821 quoque
1129 1773 1393 1821 quaestionis
1432 1783 1535 1811 usus

238 1854 523 1895 subsidiarias
563 1857 726 1891 tantum
757 1856 879 1899 erat,
929 1851 1026 1889 aliis
1055 1851 1266 1900 probandi
1299 1852 1533 1900 generibus

238 1935 542 1975 deficientibus
564 1932 681 1981 ²⁸⁸),
712 1936 840 1982 atque
864 1931 1134 1971 conditiones
1154 1933 1395 1981 praeterea,
1422 1943 1530 1982 quae

238 2028 454 2055 reorum
484 2017 702 2054 tormenta
731 2012 1075 2059 moderabantur,
1105 2011 1285 2051 eaedem
1317 2011 1391 2050 hic
1423 2023 1530 2061 quo-

238 2110 323 2147 que
353 2098 398 2136 in
428 2096 672 2136 universum
696 2094 911 2141 valebant,
936 2095 982 2132 et
1000 2092 1171 2143 quidem
1203 2094 1363 2132 crimen
1393 2093 1532 2143 ipsum

238 2190 342 2217 vere
373 2177 537 2216 factum
568 2187 664 2214 esse
696 2176 907 2221 debebat,
951 2184 1090 2222 neque
1122 2174 1297 2225 fictum,
1340 2173 1531 2224 suspicio

445 2237 448 2255 ι

240 2343 321 2389 138)
346 2340 444 2379 Paul.
467 2340 513 2380 V.
541 2342 594 2381 16.
618 2340 649 2388 §.
673 2342 706 2378 2.
734 2312 882 2385 „index
906 2338 1087 2384 tutela-is,
1111 2324 1271 2392 ifemque
1296 2327 1530 2383 centumviri,

332 2400 365 2435 si
390 2397 495 2435 aliter
517 2397 564 2434 de
589 2397 700 2434 rebus
724 2396 954 2434 hereditariis
977 2396 1040 2434 vel
1063 2395 1110 2433 de
1135 2396 1209 2433 fide
1232 2398 1376 2447 generis
1400 2396 1530 2432 instrui

328 2466 404 2491 non
426 2460 593 2505 possunt,
618 2460 789 2504 poterunt
812 2453 947 2491 habere
971 2454 1221 2505 quaestionem
1253 2452 1301 2491 do
1324 2453 1443 2490 servis
1467 2450 1530 2490 he·

328 2510 554 2554 reditariis“;
585 2509 609 2548 l.
634 2513 668 2549 7.
692 2510 740 2550 D.
764 2511 824 2549 De
849 2517 932 2549 test.
956 2511 1027 2557 (ΞΩ.
1053 2511 1103 2557 1.)
1124 2509 1151 2548 l.
1173 2511 1207 2548 8.
1229 2511 1263 2547 9.
1284 2510 1330 2548 D.
1353 2509 1413 2547 Dc
1437 2508 1484 2560 Q.
